2872 4770
655 212 869 273 -44-

184 387 278 443 forma
308 385 440 443 ferocem.
485 379 598 445 Adran.
628 381 690 444 322
718 385 806 444 viden
836 389 869 442 tu
900 385 997 443 lavere
1027 384 1156 443 lacrimis
1187 405 1233 442 me
1259 390 1344 444 tuum

184 488 291 546 collum
313 487 379 546 -1
421 480 504 548 Nov.
528 483 569 546 85
592 507 672 545 eccas
694 487 780 545 video
808 486 949 545 incedere.
994 483 1034 546 89
1057 507 1088 545 se
1109 486 1187 546 vidit
1209 507 1272 546 esse
1294 488 1343 546 he·
1431 508 1434 520 ·

184 590 289 648 redem.
333 583 442 648 Labor
464 586 505 648 23
528 589 623 648 Video
651 589 831 648 adulescenti
858 594 960 647 nostro
984 588 1073 647 Caedi
1094 589 1190 647 1111111.
1236 587 1277 649 79
1299 590 1345 649 Ne

183 692 215 749 in
236 712 269 750 re
291 692 368 750 bona
390 711 452 750 esse
474 691 591 751 videam
617 711 742 768 nequam
768 691 869 749 filium.
917 687 975 750 141
1000 707 1046 768 sq.
1068 710 1188 749 uxorem
1210 696 1291 750 tuam
1314 699 1344 751 61

183 814 277 852 meam
298 793 462 854 Nouercam
477 826 517 835 -
534 794 695 852 consectari
710 827 752 836 -
767 793 869 852 Video.
901 788 979 852 Pac.
996 789 1058 851 322
1082 809 1127 871 sq.
1153 790 1215 852 366
1238 810 1299 872 sq.:

183 929 343 988 Fortunam
365 930 498 989 insanam
521 950 583 988 esse
606 935 635 988 61
658 949 772 988 caecam
795 934 825 987 et
846 930 964 988 brutam
986 929 1142 1007 perhibent
1164 930 1341 1009 philosophi,

184 1030 319 1108 Saxaque
340 1031 451 1091 instare
473 1033 505 1090 in
527 1031 649 1106 globoso
671 1032 843 1110 praedicant
864 1031 1014 1092 volubilei.

184 1181 363 1246 368-370.
387 1183 448 1246 372
472 1201 517 1262 sq.
542 1182 613 1245 374.
636 1181 699 1244 402
722 1200 767 1263 sq.
782 1179 862 1245 Ace.
885 1182 905 1243 4
929 1201 974 1262 sq.
997 1185 1258 1262 superlinearem
1281 1206 1343 1246 esse

183 1321 225 1331 -
246 1287 322 1345 hanc
343 1288 504 1365 praedicas,
525 1289 590 1362 Ego
612 1288 806 1365 pervicaciam
828 1288 875 1347 aio
898 1295 928 1347 et
950 1308 985 1346 ea
1006 1307 1052 1346 me
1074 1287 1120 1345 uti
1142 1288 1217 1346 volo.
1261 1282 1341 1348 Ace.

185 1386 246 1448 616
269 1390 473 1466 praedicarent
494 1390 641 1448 hominem
664 1409 734 1449 esse.
765 1408 792 1450 v.
816 1387 836 1449 8
859 1407 905 1468 sq.
928 1391 1109 1468 pervicacem
1131 1390 1191 1448 dici
1212 1410 1258 1448 me
1281 1411 1343 1450 esse

183 1496 214 1549 et
243 1491 360 1551 vincere
390 1492 534 1551 Perfacile
564 1493 675 1570 patior,
706 1493 886 1570 pertinacem
918 1493 962 1550 nil
992 1512 1096 1551 moror.
1144 1488 1182 1550 17
1210 1513 1257 1550 me
1283 1513 1343 1551 non

182 1613 373 1670 peccasse-
389 1596 548 1654 ostendam.
579 1614 607 1655 1.
625 1592 664 1654 18
679 1596 813 1670 Regnum
835 1595 893 1653 tibi
913 1594 1047 1672 permitti
1068 1594 1201 1653 malunt?
1227 1589 1342 1655 Afran.

183 1693 225 1755 34
246 1696 305 1755 Ubi
331 1697 446 1756 malunt
472 1698 565 1756 metui
591 1718 678 1774 quam
705 1698 801 1757 vereri
828 1717 859 1756 se
886 1697 923 1756 ab
945 1697 1016 1755 suis.
1059 1691 1139 1756 Ace.
1163 1693 1204 1757 22
1228 1698 1342 1757 Cuiatis

182 1798 304 1875 stirpem
326 1800 459 1858 funditus
486 1801 549 1875 fligi
576 1800 687 1858 studet!
734 1797 794 1859 197
819 1820 904 1876 quem
925 1799 999 1857 mihi
1025 1799 1128 1858 studeo
1150 1800 1209 1859 iam
1231 1801 1342 1859 dudum

183 1900 255 1959 dari.
287 1898 326 1960 37
350 1901 467 1961 Scibam
488 1903 564 1961 hanc
585 1903 658 1960 mihi
680 1919 845 1979 supremam
867 1903 960 1960 lucem
982 1906 1012 1960 et
1034 1901 1138 1960 serviti
1159 1902 1245 1960 finem
1267 1903 1341 1961 dari.

160 1996 250 2076 1110.
273 1998 333 2063 inc.
356 2004 436 2082 trag.
460 2002 501 2065 85
523 2006 680 2063 morituros
707 2005 789 2064 scivi.
833 2001 873 2063 87
898 2004 1015 2064 Scibam
1036 2024 1082 2062 me
1104 2004 1136 2061 in
1157 2005 1342 2062 mortiferum

183 2136 223 2148 -
246 2105 356 2164 bellum
378 2139 420 2149 —
442 2108 567 2166 mittere.
611 2101 725 2167 Afran.
748 2104 809 2166 287
838 2113 868 2166 16
895 2108 971 2167 11110
997 2108 1092 2166 110616
1120 2106 1248 2165 officiose
1271 2106 1340 2164 scio.

182 2203 324 2266 3541111
348 2229 395 2266 me
422 2209 504 2268 illam
532 2230 636 2268 amare.
681 2207 744 2269 360
766 2210 867 2268 sinunt
893 2210 925 2267 di
953 2215 982 2268 et
1003 2229 1091 2286 porro
1112 2228 1250 2286 passuros
1271 2209 1340 2268 scio.

181 2303 263 2370 Nov.
292 2308 333 2370 20
361 2311 488 2369 Puerum
514 2313 631 2370 mulieri
657 2317 806 2390 praestare
834 2333 918 2370 nemo
944 2313 1007 2370 scit.
1056 2306 1170 2389 Pomp.
1193 2305 1274 2372 Bon.
1297 2307 1340 2371 42

182 2411 249 2471 8610
277 2446 319 2455 —
346 2417 376 2470 16
402 2413 485 2472 illam
511 2435 617 2472 amare.
661 2410 741 2474 Ace.
766 2412 806 2474 64
835 2432 880 2493 sq.
912 2414 963 2491 qui
994 2415 1083 2473 ducat
1110 2447 1152 2456 —
1176 2414 1339 2473 Generibus

180 2519 294 2573 tantam
316 2535 378 2574 esse
399 2515 591 2591 inpietatem?
621 2511 735 2577 Aban.
759 2515 822 2577 324
844 2517 884 2576 Ut
906 2537 951 2574 me
973 2536 1035 2575 esse
1058 2550 1100 2559 -
1123 2517 1211 2576 ducat
1233 2516 1284 2576 abs
1307 2524 1338 2576 te

181 2618 349 2676 extrarium.
393 2613 472 2677 Ace.
497 2616 538 2677 96
561 2635 607 2696 sq.
634 2640 729 2678 meam
754 2619 985 2678 benivolentiam
1007 2619 1149 2677 Interisse
1180 2641 1210 2678 es
1237 2619 1340 2679 ratus?

184 2717 244 2778 120
267 2720 408 2796 intellego
422 2721 628 2779 Referundum.
659 2715 776 2782 Laber.
802 2719 840 2781 16
863 2741 921 2779 101
943 2721 1076 2779 intellexi
1096 2722 1139 2779 Te
1153 2722 1339 2780 Mauricatim

179 2822 260 2880 scire.
305 2818 384 2882 Αο0.
411 2819 480 2882 136.
507 2820 576 2882 137.
602 2821 662 2882 148
690 2829 844 2901 tropaeum
871 2825 947 2881 ferre
974 2844 1020 2881 me
1043 2844 1060 2882 1
1082 2825 1159 2882 forto
1181 2824 1246 2882 viro
1268 2824 1338 2882 Pul-

180 2944 260 2981 crum
283 2931 335 2983 est.
367 2921 428 2984 207
452 2926 531 3002 quod
552 2946 584 2984 re
606 2926 638 2984 in
659 2947 771 2985 summa
793 2946 935 2984 summum
957 2945 1019 2984 esse
1039 2926 1169 2984 arbitror
1183 2926 1339 2999 Periclum,

179 3031 287 3085 matres
316 3027 487 3103 conquinari
514 3029 623 3103 regias,
657 3029 857 3087 Contaminari
888 3029 1010 3105 stirpem
1042 3049 1075 3088 ac
1102 3028 1216 3087 misceri
1238 3022 1338 3104 genus.

179 3125 242 3186 212
265 3129 420 3204 Thyestem
443 3131 557 3207 clepere
579 3151 681 3190 ausum
703 3150 772 3189 esse.
802 3124 879 3190 Pac.
896 3127 937 3190 69
959 3130 1019 3190 Ubi
1040 3151 1094 3206 ego
1116 3152 1162 3189 me
1184 3131 1338 3207 gravidam

179 3231 272 3289 sentio
296 3232 510 3307 adgravescere.
554 3227 634 3293 Ace.
659 3230 721 3293 223
745 3248 812 3310 sqq.
836 3232 908 3308 quid
930 3234 1044 3291 tonitru
1066 3234 1186 3293 turbida
1207 3241 1293 3293 torvo

606 3336 751 3395 Gonoussa
773 3339 894 3412 repente
915 3355 1042 3412 aequora
1064 3337 1138 3395 caeli

607 3438 755 3498 Sensimus
777 3437 899 3496 sonere?
956 3509 958 3534 k

177 3573 204 3615 v.
228 3552 291 3614 470
313 3556 414 3615 valvas
436 3577 537 3615 101616
560 3558 637 3616 16111
658 3558 763 3632 regias.
794 3551 875 3615 Pall.
897 3551 1033 3616 111110.
1056 3554 1337 3616 458611111616111

178 3677 240 3716 esse
263 3662 373 3715 tactum
396 3659 521 3734 triginta
543 3660 651 3719 minis?
695 3653 808 3718 Afran.
831 3656 895 3718 220
917 3660 956 3717 ah
978 3659 1071 3717 sentio
1093 3660 1136 3717 Te
1158 3679 1217 3717 non
1239 3679 1337 3718 amare

177 3780 230 3819 me.
273 3755 354 3819 Asc.
378 3757 440 3820 280
463 3763 542 3839 qnod
563 3763 644 3821 nefas
667 3763 707 3822 sit
729 3760 849 3820 concedi
870 3762 935 3820 tibi.
981 3759 1054 3821 288.
1077 3758 1139 3820 289
1161 3760 1354 3820 Α11111100111

177 3862 233 3919 huc
255 3863 361 3922 vadere
384 3884 477 3923 cerne.
510 3859 606 3924 Titin.
623 3862 664 3924 50
686 3884 792 3942 pucras
814 3864 899 3922 hasce
915 3864 1120 3941 —suspirare
1142 3864 1227 3923 crevi.
1254 3857 1336 3925 Ace.

178 3960 240 4022 312
256 3980 302 4041 sq.
325 3985 419 4041 neque
441 3972 471 4025 16
485 3987 580 4044 neque
595 3987 768 4045 quemquam
787 3966 917 4025 arbitror
931 3969 1012 4025 Tuae
1027 3967 1215 4044 paenitmum
1229 3967 1336 4026 laudis.

178 4063 239 4125 317
264 4066 323 4125 Nec
345 4068 517 4144 perdoliscit
543 4069 608 4145 fligi
630 4070 736 4143 socios,
764 4074 858 4127 morte
881 4089 996 4146 campos
1019 4070 1143 4143 contegi.
1188 4066 1247 4129 321
1273 4069 1336 4129 Ma·

176 4174 275 4227 101161
298 4170 386 4228 armit
408 4171 466 4230 duo
489 4191 658 4247 congressos
681 4172 820 4230 crederes.
852 4168 914 4230 395
938 4171 1007 4230 dum
1023 4171 1220 4248 interruptum
1234 4171 1336 4230 credas
