2872 4770
243 1660 333 1754 Obm
354 1694 519 1769 Numburgi
542 1716 566 1751 a.
590 1695 617 1751 1.
640 1693 805 1752 11111111.
828 1693 913 1751 1111.
936 1694 1147 1752 1111111111
1171 1695 1312 1753 eurul-

157 1781 380 1839 1111οΗ01110.
417 1780 501 1850 Quod
520 1780 573 1837 ubi
593 1780 702 1850 audivi,
723 1781 820 1837 nescio
835 1801 892 1856 quo
907 1781 994 1837 modo
1009 1780 1205 1838 Horatianum
1224 1781 1312 1839 illud:

158 1867 276 1940 „Multis
305 1866 357 1922 ille
384 1866 470 1924 bonis
496 1865 605 1924 flebilis
632 1866 756 1924 occidit“
779 1866 811 1922 in
831 1871 957 1924 mentem
979 1867 1067 1925 venit.
1111 1866 1171 1924 Nec
1193 1868 1312 1939 mirum;

157 1974 224 2010 nam
246 1952 413 2010 recordanti
435 1952 507 2009 mihi
530 1952 606 2009 illud
627 1957 753 2029 tempus,
777 1973 841 2008 cum
863 1957 932 2009 ante
953 1952 1006 2010 hos
1027 1952 1093 2028 plus
1115 1953 1313 2028 quadraginta

157 2060 248 2096 annos
270 2038 307 2096 ab
323 2058 356 2095 co
371 2038 475 2114 primis
496 2039 638 2096 bonarum
661 2038 769 2095 artium
791 2038 941 2096 elementis
963 2038 1117 2095 institutus
1140 2059 1211 2112 sum,
1232 2039 1312 2097 ultro

157 2126 298 2198 omnium,
326 2125 377 2200 qui
406 2130 435 2182 et
457 2129 543 2182 antea
570 2129 600 2182 et
621 2129 723 2200 postea
745 2125 775 2182 in
799 2125 899 2182 eodem
921 2145 979 2200 quo
1005 2125 1068 2200 ipse
1095 2125 1158 2181 loco
1186 2125 1312 2199 fuerimt,

156 2213 294 2269 memoria
321 2211 449 2268 excitata
476 2216 527 2268 est.
572 2211 629 2280 Qui
656 2211 682 2268 si
707 2231 767 2267 non
787 2211 883 2269 minus
910 2231 997 2286 quam
1019 2230 1074 2285 ego
1100 2211 1127 2267 ei
1149 2210 1260 2285 gratias
1283 2218 1313 2268 et

155 2297 321 2355 habuerunt
342 2302 372 2354 01
394 2303 529 2371 egerunt,
556 2297 608 2372 qui
634 2297 752 2354 tandem
774 2317 880 2372 magno
903 2297 1130 2368 eumbonorum
1151 2296 1233 2354 luctu
1255 2318 1313 2355 non

157 2383 283 2440 occidit?
326 2383 436 2442 Verum
458 2384 490 2440 in
518 2383 573 2440 hoc
595 2383 672 2460 ipsc,
700 2404 765 2440 cum
786 2388 964 2460 reputarem,
991 2399 1129 2457 magnum
1151 2383 1244 2440 inesse
1267 2404 1311 2441 so-

156 2470 261 2526 latium
276 2469 347 2542 vidi,
370 2469 445 2527 nulli
465 2470 550 2541 enirn,
572 2474 607 2525 ut
621 2469 723 2527 Cicero
743 2469 882 2527 Catonem
897 2469 1041 2527 dicentem
1063 2468 1148 2542 facit,
1169 2469 1312 2526 bonarum

157 2555 265 2613 artium
291 2555 427 2630 magistri
453 2576 512 2612 non
539 2555 620 2613 beati
647 2556 772 2632 putandi
798 2561 878 2629 sunt,
910 2576 997 2632 quam
1023 2555 1116 2614 vitam
1143 2555 1259 2613 beatam
1286 2556 1311 2612 si

157 2641 291 2717 cuiquam
317 2642 365 2698 illi
392 2641 532 2716 obtigisse
559 2642 733 2698 censendum
755 2647 807 2699 est.
851 2642 969 2698 Etenim
994 2661 1031 2698 ne
1057 2645 1201 2716 repetam,
1233 2642 1312 2716 quod

156 2728 242 2784 modo
264 2728 437 2802 significavi,
460 2732 600 2803 quantuni
615 2728 777 2803 voluptatis
798 2728 911 2803 percipi
933 2731 1032 2804 posset
1053 2747 1089 2783 ex
1103 2727 1312 2784 consuetudine

156 2814 381 2872 adolescentium
406 2814 583 2890 optimarum
610 2819 718 2871 artium
744 2814 954 2887 studiosorum,
985 2832 1108 2889 quorum
1136 2817 1166 2869 et
1192 2813 1311 2886 ingenia

154 2900 250 2957 literis
277 2900 435 2957 excolenda
464 2905 493 2957 et
519 2900 611 2957 animi
634 2899 671 2957 ad
699 2900 841 2976 optimum
868 2905 898 2957 01
920 2899 1148 2977 pulcherrimum
1176 2899 1311 2975 quodque

155 2985 329 3043 instituendi
352 2991 460 3060 essent,
482 3020 524 3028 -
546 2985 578 3042 id
605 2987 682 3044 enirn
705 2984 838 3043 omnibus
865 2987 1008 3044 bonarum
1031 2985 1139 3043 artium
1160 2985 1311 3059 magistris

144 3091 304 3129 commune
327 3077 372 3130 est
386 3105 428 3114 —-
443 3073 494 3129 sed
515 3072 562 3128 illi
584 3077 702 3149 praeter
723 3073 950 3130 innumerabiles
965 3071 1099 3145 contigit,
1121 3071 1173 3128 vix
1193 3076 1228 3128 ut
1249 3072 1311 3129 ulla

154 3157 307 3214 literarum
322 3177 390 3234 pars
406 3162 489 3231 esset,
511 3178 547 3215 ex
562 3178 619 3233 qua
633 3179 692 3215 non
713 3159 868 3236 privatam,
890 3164 924 3216 ut
946 3159 990 3216 ita
1004 3158 1107 3231 dicam,
1128 3157 1311 3233 voluptatem

154 3248 273 3319 praeter
294 3243 443 3320 publicam
465 3244 554 3316 illam,
577 3263 652 3320 quae
667 3265 703 3301 ex
724 3246 789 3320 ipsa
811 3245 909 3301 schola
930 3243 1115 3315 redundaret,
1137 3243 1309 3319 perciperet.

153 3329 194 3386 Ut
216 3349 275 3387 non
296 3350 529 3403 commemorem,
561 3334 701 3405 quantum
727 3330 779 3386 ille
802 3350 907 3406 operae
933 3335 964 3387 et
990 3329 1101 3386 laboris
1123 3329 1310 3385 collocaverit

154 3415 186 3471 in
207 3416 442 3492 pervestigandis
465 3415 658 3493 scriptoribus
680 3415 782 3474 latinis
804 3449 846 3457 -—
867 3419 938 3473 nota
959 3419 1028 3472 sunt
1049 3434 1149 3490 opera,
1177 3433 1252 3489 quae
1274 3434 1310 3471 ex

154 3520 187 3557 eo
215 3502 313 3559 studio
340 3502 452 3579 publici
482 3502 556 3560 iuris
584 3502 666 3575 fecit,
698 3508 728 3560 01
756 3506 924 3560 enumerata
949 3501 981 3558 in
1007 3501 1109 3558 libello
1136 3499 1309 3558 scholastico

154 3588 301 3662 gymnasii
315 3588 546 3663 Numburgensis
561 3609 585 3646 a.
610 3590 691 3646 1881
709 3623 750 3631 -
765 3589 836 3646 haec
857 3588 952 3663 igitur
967 3593 1002 3645 ut
1016 3587 1159 3659 omittam,
1180 3585 1309 3643 nondum

153 3673 185 3730 in
207 3674 301 3731 lucem
323 3674 404 3732 edita
418 3674 497 3732 domi
518 3675 595 3732 iacet
609 3675 741 3750 syntaxis
755 3675 889 3748 Liviana,
910 3674 987 3732 liber
1000 3673 1072 3731 satis
1086 3691 1209 3747 magnae
1223 3672 1309 3729 molis

155 3765 185 3817 et
206 3759 334 3834 ingentis
363 3760 558 3834 assiduitatis,
590 3761 621 3817 in
643 3781 701 3837 quo
723 3763 829 3820 multos
852 3780 942 3818 annos
965 3759 1131 3832 desudavit,
1163 3778 1239 3815 nune
1260 3757 1309 3815 hic

152 3845 271 3904 libellus
286 3846 355 3920 exit,
377 3847 490 3923 pariter
505 3867 538 3905 ac
552 3847 710 3906 Livianum
724 3847 800 3904 illud
814 3867 887 3923 opus
902 3846 939 3904 ab
953 3851 1071 3904 auctore
1086 3844 1124 3902 ad
1137 3843 1308 3900 umbilicum

153 3931 303 3991 adductus.
347 3933 411 3991 Iam
438 3933 463 3991 si
485 3932 557 3991 haec
584 3938 614 3990 01
640 3933 715 3990 11111
736 3933 878 4010 perficere
900 3953 959 3989 non
986 3931 1113 3989 cuiusvis
1136 3935 1193 4003 est,
1216 3929 1308 4006 quid?

153 4037 248 4075 nonne
270 4019 444 4077 admirabile
471 4039 504 4077 ac
526 4039 619 4096 paene
640 4019 774 4078 divinum
795 4019 925 4092 videtur,
948 4018 1027 4094 quod
1049 4037 1085 4075 ne
1107 4038 1125 4074 1
1146 4015 1307 4075 levioribus

153 4103 271 4180 quidem
301 4105 407 4164 studiis
434 4105 548 4163 animus
579 4106 641 4163 eius
672 4104 867 4164 abhorrebat?
909 4104 983 4162 Erat
1012 4103 1091 4161 haud
1120 4102 1308 4160 mediocriter

152 4189 265 4267 peritus
287 4191 331 4248 rei
345 4191 472 4250 musicae
495 4192 526 4250 et
540 4192 737 4252 clavichordio
752 4191 881 4250 canendo
904 4191 1018 4265 artifex,
1041 4190 1123 4247 idem‘
1141 4189 1172 4246 in
1193 4189 1306 4246 latrun-
