2872 4770
200 937 255 1001 Ad
277 935 484 1018 supplendam
506 934 652 1019 syntaxim
666 954 771 998 meam
784 934 961 1017 priscorum
983 934 1174 1016 scriptorum
1195 937 1267 1002 lati·

114 1069 227 1112 norum
248 1068 348 1130 usque
371 1047 411 1111 ad
433 1045 626 1126 Terentium,
650 1065 731 1128 quae
747 1044 832 1110 edita
854 1049 904 1108 cst
918 1066 946 1109 a.
966 1047 1046 1109 1861
1064 1051 1097 1109 et
1113 1048 1162 1128 62,
1185 1046 1270 1112 haud

114 1158 155 1222 ab
176 1178 212 1222 re
234 1179 303 1222 esse
326 1158 400 1222 duxi
421 1157 516 1240 paulo
531 1156 655 1239 longius
670 1156 821 1239 progredi
843 1160 876 1219 et
897 1157 1044 1239 syntaxin
1066 1157 1164 1221 etiam
1185 1156 1269 1240 frag-

114 1275 293 1335 mentorum
314 1268 531 1333 scaenicorum
551 1273 719 1351 poetarum
733 1267 961 1348 Romanorum,
985 1267 1039 1349 qui
1060 1271 1135 1349 post
1150 1266 1268 1336 Teren-

113 1380 192 1444 tium
213 1379 349 1459 fuenmt,
372 1400 538 1462 exponere.
581 1377 623 1441 In
645 1378 758 1461 quibus
779 1376 966 1460 fragmentis
989 1377 1214 1444 concinnandis
1237 1385 1270 1443 et

114 1489 316 1555 emendandis
331 1511 426 1572 quam
441 1490 601 1573 egregiam
620 1510 751 1571 operam
767 1487 970 1554 collocaverit
984 1486 1181 1554 Ribbeokius
1197 1510 1269 1554 cum

112 1621 205 1666 nemo
227 1600 361 1683 ignoret,
383 1601 450 1665 fere
464 1599 582 1682 ubique
598 1621 670 1665 eam
684 1599 853 1664 verborum
868 1598 1063 1680 singulorum
1078 1598 1270 1682 scriptorum

114 1711 411 1790 conformationem,
443 1731 524 1792 quae
555 1711 640 1793 apud
670 1708 882 1775 Ribbeckium
914 1715 976 1789 est,
1008 1710 1142 1774 servatis
1173 1711 1270 1774 etiam

112 1842 259 1885 versuum
280 1822 420 1885 numeris
441 1826 568 1885 secutus
590 1842 668 1885 sum.
698 1820 903 1886 Enumerabo
925 1826 1034 1886 autem
1056 1820 1140 1886 infra
1163 1822 1268 1903 singu-

112 1931 216 1996 lorum
245 1935 414 2013 poetarum
443 1937 513 1995 tam
541 1932 736 2013 tragicorum
766 1952 863 2013 quam
895 1932 1103 2012 comicorum,
1136 1953 1270 2015 quorum

112 2042 292 2124 fragmenta
322 2045 445 2122 extant,
475 2042 615 2121 nomina,
647 2041 763 2107 additis
784 2041 886 2123 siglis,
908 2042 1022 2124 quibus
1044 2042 1078 2106 in
1102 2041 1270 2108 afferendis

112 2152 216 2218 verbis
239 2173 349 2217 eorum
369 2172 444 2216 usus
466 2173 544 2216 sum.

529 2339 676 2405 Poetae
703 2339 856 2420 tragici.

286 2474 443 2539 Pacuvius
466 2474 575 2558 (Pac).

286 2585 406 2649 Accius
430 2585 540 2666 (Aac).

285 2694 471 2778 Pompilius.

286 2804 322 2870 O.
344 2805 445 2869 Iulius
453 2791 588 2871 'Caesar
611 2803 728 2870 Strabo
753 2805 845 2888 (Iul).

288 2914 414 2982 Santra.

285 3026 324 3090 L.
347 3024 465 3093 Varius
487 3026 589 3090 Rufus
613 3023 722 3107 (Van).

287 3134 462 3201 Gracchus.

286 3246 323 3310 P.
347 3245 478 3311 Ovidius
499 3245 598 3310 Naso.

286 3358 323 3420 P.
346 3356 542 3438 Pomponius
565 3354 728 3421 Secundus
752 3355 898 3438 (Pomp).

287 3464 426 3531 Scaevus
448 3466 584 3530 Memor.

286 3577 487 3641 Incertorum
509 3583 676 3658 poetarum
697 3576 833 3641 fabulae.

286 3687 435 3752 Incertae
456 3687 650 3752 incertorum
670 3685 797 3751 fabulae
821 3687 891 3769 (inc.
913 3686 974 3750 ino.
997 3686 1099 3767 trag).

508 3856 656 3910 Fabulae
672 3858 876 3924 praetextae.

287 3975 444 4041 Pacuvius
467 3976 555 4058 (Pac.
578 3976 701 4058 praet).
748 4001 749 4004 ¹

287 4086 407 4150 Accius
430 4086 520 4167 (Aoo.
543 4088 665 4168 praet).

169 4185 276 4235 Hellas,
294 4187 435 4228 adumbratio.
