2872 4770
609 206 824 268 ..17-

134 389 235 446 donat.
272 379 534 460 3751111111-
556 380 648 440 utilis.
680 377 743 439 378
765 378 880 456 potenti
901 378 990 437 irasci
1012 378 1071 437 sibi
1097 377 1239 453 periclum
1265 382 1296 435 11

137 506 284 566 quaerere.
321 482 382 544 395
410 483 486 542 nulli
512 488 609 558 negat.
646 479 709 541 308
736 502 873 551 excusare
900 481 958 541 sibi
985 502 1023 540 se.
1061 477 1123 540 427
1158 481 1209 558 qui
1237 480 1296 539 sibi

137 612 197 650 non
223 590 311 662 vivit,
341 587 408 647 aliis
431 619 472 628 —
495 591 539 644 est
566 590 705 644 mortuus.
751 581 811 645 431
840 585 891 662 qui
918 585 1005 642 unius
1033 585 1135 660 culpae
1161 584 1296 659 ignoscit,

139 694 243 753 suadet
264 690 406 770 pluribus.
452 685 515 747 435
539 688 586 746 cui
613 707 717 746 serves.
762 685 824 748 437
848 688 1030 746 commendat
1057 686 1123 745 sibi.
1168 684 1297 746 447111

138 797 214 855 nulli
236 794 356 872 prodest
377 813 459 852 mora
485 791 543 848 nisi
569 790 746 850 iracundiae.
791 788 854 850 454
880 789 1018 848 ruborem
1039 790 1132 848 amico
1155 796 1297 850 excutere.

140 897 203 958 466
226 896 284 956 sibi
306 930 348 938 -
369 896 435 953 fieri
457 892 604 952 iniuriam.
650 889 712 952 482
735 888 799 951 acis
827 893 878 970 qui
900 893 993 950 nescit
1015 912 1142 969 parcere,
1164 888 1298 952 inimicis

139 1003 228 1060 favet.
272 995 335 1058 483
357 996 482 1073 suspitio
504 996 562 1054 sibi
584 996 649 1073 ipsa
668 996 777 1054 rivales
794 996 881 1072 parit.
927 991 989 1055 486
1005 995 1086 1053 deest
1101 1015 1197 1054 avaro.
1236 992 1297 1055 505

139 1102 271 1162 Difficile
295 1105 339 1159 est
361 1099 465 1157 dolori.
510 1095 573 1158 524
595 1099 697 1156 multis
720 1098 825 1174 placet.
870 1094 933 1156 526
956 1117 1035 1155 mors
1056 1097 1165 1155 infanti
1187 1097 1299 1172 infelix,

141 1205 242 1265 iuveni
263 1203 376 1274 acerba,
399 1221 463 1260 scra
484 1201 573 1260 nimis
595 1201 665 1259 seni.
710 1197 771 1259 527
795 1206 910 1258 mortuo
932 1220 1036 1258 munus
1058 1200 1110 1276 qui
1131 1200 1235 1274 mittit,
1256 1201 1300 1258 nil

142 1308 194 1365 dat
215 1307 271 1379 illi,
294 1304 399 1363 adimit
421 1303 486 1361 sibi.
531 1300 594 1362 528
616 1304 718 1362 multis
746 1303 772 1360 11
793 1309 846 1362 tua
867 1303 930 1362 vita
952 1303 1076 1380 placuit,
1105 1302 1164 1362 tibi
1185 1305 1301 1381 placere

141 1430 200 1467 non
221 1413 328 1485 potest.
372 1403 435 1465 536
458 1406 592 1464 omnibus
613 1411 708 1465 notus.
754 1402 816 1464 548
831 1405 933 1465 amicis
949 1439 990 1450 -
1006 1405 1081 1463 dces.
1126 1403 1189 1466 553
1208 1407 1301 1466 amori

142 1512 231 1569 finem
253 1517 367 1586 tempus
383 1509 519 1567 -facit
564 1506 627 1568 564
646 1508 732 1566 bonis
751 1514 845 1583 nocet,
868 1508 1000 1585 quisquis
1022 1509 1186 1584 pepercerit
1207 1510 1301 1568 malis.

144 1610 206 1673 595
230 1614 348 1671 fortuna
369 1632 481 1687 magna
497 1632 604 1687 magna
626 1610 744 1669 domino
771 1615 815 1669 est
836 1611 970 1669 servitus.
1015 1606 1078 1669 608
1101 1609 1213 1687 impera
1234 1611 1300 1670 tibi.

145 1713 207 1774 635
223 1714 402 1792 praesidium
417 1720 462 1771 est
476 1713 569 1772 bonis.
599 1710 735 1772 668111
750 1732 836 1788 quam
851 1713 953 1770 multis
967 1714 1090 1789 placeas,
1105 1712 1156 1770 sed
1165 1714 1301 1789 qualibus

144 1817 236 1875 stude.
286 1812 348 1875 675
376 1814 523 1891 proditori
552 1815 686 1873 credidit.
737 1811 798 1874 687
830 1814 971 1892 pecuniae
1001 1815 1146 1892 imperare
1177 1821 1303 1893 oportet,

143 1938 203 1975 non
224 1917 342 1976 service.
388 1914 450 1975 708
478 1917 553 1974 nulli
580 1922 672 1976 nocet.
718 1914 780 1975 724
808 1917 887 1994 quod
914 1937 1035 1993 cumque
1062 1916 1121 1976 sibi
1147 1917 1305 1995 imperavit

145 2020 267 2079 animus.
313 2017 374 2088 735
397 2019 515 2094 roganti
536 2019 641 2079 melius
661 2039 748 2096 quam
768 2018 926 2095 imperanti
940 2039 1052 2096 pareas.
1098 2016 1303 2080 7381111111-

145 2123 250 2180 simum
273 2128 318 2181 111
338 2122 504 2180 meminisse
525 2121 572 2180 cui
587 2127 617 2180 te
638 2121 751 2180 debeas.
797 2119 859 2181 753
875 2123 998 2180 stultum
1012 2121 1158 2198 imperare
1172 2123 1303 2200 reliquis,

146 2225 197 2301 qui
218 2225 313 2284 111111
335 2224 400 2283 sibi.
446 2219 508 2283 754
528 2225 635 2282 stultus
654 2224 788 2302 superbis
802 2224 916 2283 invidet
931 2224 1073 2282 felicibus.
1120 2212 1188 2283 770
1197 2225 1304 2284 virtuti

145 2346 274 2385 amorem
295 2346 379 2385 namo
401 2328 522 2385 honeste
544 2326 677 2401 denegat.
723 2328 783 2385 771
807 2325 914 2385 virtuti
934 2326 1040 2384 melius
1062 2346 1149 2403 quam
1169 2328 1305 2387 fortunae

145 2428 285 2487 creditur.
330 2423 781 2509 79711111111111111111111,
809 2424 1198 2489 laciuntconvitiumsibc‘.
1242 2427 1303 2490 811

145 2531 220 2588 Tam
242 2531 401 2591 crudelitas
424 2536 468 2589 est
495 2530 642 2589 omnibus
657 2536 745 2607 atque
771 2530 847 2588 nulli
873 2529 1031 2606 ignoscere.
1076 2528 1138 2591 819
1162 2552 1227 2591 cum
1248 2532 1305 2592 ini-

145 2633 222 2690 mico
243 2633 383 2708 ignosces.
428 2629 562 2693 8241111
588 2633 722 2710 superior
749 2633 903 2708 supplicat.
948 2630 1011 2693 828
1039 2633 1146 2710 quibus
1171 2635 1305 2713 imperat.

147 2732 210 2794 836
238 2736 399 2796 numerosis
426 2735 525 2795 studet
552 2734 661 2794 amicis.
705 2728 918 2794 Α111.11111.
946 2733 966 2795 3
994 2736 1067 2813 quid
1094 2742 1138 2794 est
1164 2736 1223 2795 tibi
1248 2737 1307 2797 ista

146 2838 274 2896 mulier?

233 2933 345 3003 Verba
367 2935 476 3000 dandi:
501 2935 577 2999 Pac.
596 2936 656 2999 115
679 2938 795 3019 nuptiis
816 2938 891 2999 hanc
913 2940 965 2999 dat
987 2940 1072 2998 diem.
1121 2935 1183 2999 148
1205 2940 1262 3011 Qui
1276 2946 1307 3000 te

148 3075 190 3085 -
213 3042 274 3102 leto
305 3043 396 3102 dabit.
441 3039 504 3102 244
529 3041 607 3101 Cedo
634 3049 718 3102 tuum
743 3043 847 3121 pedem
871 3039 920 3102 111.
965 3039 1027 3102 269
1058 3043 1145 3102 fletus
1168 3043 1306 3102 muliebri

147 3145 268 3219 ingenio
291 3144 418 3202 additus.
462 3138 880 3206 1111112111111111111111.
917 3143 981 3205 228
1003 3146 1106 3223 Neque
1126 3145 1195 3204 dedi
1214 3166 1308 3223 nequo

149 3246 186 3303 do
209 3245 322 3304 infideli
344 3246 486 3322 cuiquam.
525 3242 589 3305 290
608 3246 701 3306 Nobis
722 3249 817 3307 datur.
853 3244 916 3308 293
938 3250 1052 3306 nullum
1067 3248 1140 3306 meis
1155 3248 1207 3306 dat
1221 3248 1308 3306 finem

149 3348 284 3408 miseriis.
335 3345 398 3407 352
431 3368 569 3407 aerumna
595 3349 666 3408 hacc
697 3344 772 3407 mihi
800 3349 912 3407 luctum
943 3345 1033 3408 addit
1063 3348 1200 3408 luctibus.
1245 3345 1307 3409 447

150 3452 272 3510 exuvias
300 3451 422 3526 dignari
444 3451 604 3510 Atalantae
627 3452 704 3512 dare.
750 3447 812 3511 542
836 3452 883 3510 oui
905 3458 1037 3529 potestas
1058 3452 1086 3511 si
1108 3452 1201 3511 detur.
1239 3445 1307 3512 Ina.

149 3549 209 3612 inc.
232 3539 313 3631 trag.
337 3551 378 3613 50
406 3554 475 3612 Tali
502 3554 568 3612 dari
596 3575 684 3614 arma.
728 3550 808 3614 Aac.
830 3555 931 3633 praet.
957 3552 994 3614 17
1019 3555 1114 3632 quieti
1142 3575 1245 3633 corpus
1268 3589 1310 3599 -

150 3655 234 3713 Dedi.
279 3650 401 3732 Turpil.
418 3654 459 3716 88
483 3656 586 3716 Satine
607 3663 642 3717 ut
663 3677 694 3716 se
713 3678 808 3717 meum
824 3679 873 3717 cor
886 3658 1090 3734 voluptatibus
1111 3658 1184 3717 dat?
1214 3652 1309 3717 Titin.

152 3755 191 3816 77
219 3758 296 3816 Date
323 3759 370 3817 illi
394 3759 487 3818 biber.
531 3754 645 3820 Afran.
670 3756 731 3819 110
757 3761 854 3820 Datur
880 3760 954 3818 mihi
981 3760 1203 3819 custodiendus.
1250 3756 1309 3819 159

152 3861 212 3918 Dat
234 3861 344 3920 rustico
367 3862 465 3920 nescio
488 3861 543 3936 cui,
565 3862 663 3922 111111
686 3883 738 3921 suo
758 3863 947 3940 Perpauperi.
995 3860 1054 3922 197
1077 3862 1151 3920 mihi
1173 3896 1214 3906 —
1237 3861 1309 3921 dari.

153 3959 214 4021 359
238 3963 277 4020 Di
298 3963 356 4022 tibi
377 3964 455 4023 dent.
500 3959 613 4042 Pomp.
636 3959 718 4025 Bon.
741 3958 782 4024 93
810 3966 879 4023 dedi
905 3964 1052 4024 nebuloni.
1100 3962 1160 4024 105
1189 3964 1311 4043 Populis

153 4065 289 4123 voluntas
311 4067 383 4125 haec
406 4073 451 4125 cst
473 4073 504 4126 et
525 4068 614 4142 vulgo
637 4068 715 4126 data.
759 4061 842 4127 Nov.
862 4065 903 4127 32
927 4067 984 4126 tibi
1007 4067 1091 4127 dabo.
1137 4058 1209 4146 Syri
1232 4066 1311 4125 sent.

153 4163 194 4225 50
216 4167 307 4243 digno
330 4169 419 4228 dedit.
464 4166 505 4229 52
528 4170 626 4245 dignis
650 4170 702 4228 ubi
725 4170 784 4228 das.
830 4167 870 4229 56
893 4169 986 4229 iudici
1008 4203 1050 4211 —
1073 4170 1132 4229 dat.
1180 4165 1239 4228 105
1263 4169 1311 4226 cui

241 4263 349 4315 Holtzo,
363 4265 506 4311 adumbratio.
1124 4271 1140 4320 2
