2872 4770
608 233 822 296 „27-

136 408 228 466 bavit.
272 400 388 464 Labor.
414 402 452 464 13
475 425 510 463 cx
532 405 634 463 Africa
656 406 836 464 Venientem.
881 402 922 464 36
945 412 979 464 ut
1003 407 1116 484 aliquid
1138 414 1237 483 gustes
1259 429 1295 466 ex

138 509 248 584 Cynica
269 508 391 566 haeresi.
437 505 477 567 59
501 528 536 565 ex
559 509 682 566 taberna
709 508 838 566 tulimus.
884 506 923 567 61
947 510 990 567 nil
1012 510 1114 583 refert,
1141 511 1294 568 molleme

137 611 244 670 lanitia
264 611 368 669 Attica
389 610 436 668 An
458 617 575 687 pectore
596 631 633 668 ex
646 610 796 668 hircorum
809 611 948 670 vestitum
963 631 1055 686 geras.
1103 609 1163 673 110
1178 613 1203 670 Ε
1218 613 1295 671 Lare

138 733 269 789 egressus
292 734 362 772 meo.
408 705 477 792 Syr.
494 714 573 773 sent.
592 710 652 772 152
675 733 712 771 ex
732 713 807 772 vitio
831 714 906 772 alius
922 714 1038 790 sapiens
1053 715 1189 773 emendat
1202 735 1294 773 suum.

138 813 209 876 245
229 816 355 875 iucunda
380 817 494 875 macula
525 821 569 873 est
600 835 636 873 ex
666 815 779 874 inimici
810 817 959 891 sanguine.
1004 813 1068 875 474
1095 818 1180 894 spina
1206 819 1295 876 etiam

137 924 225 994 grata
252 923 309 992 est,
336 938 372 976 ex
399 939 456 994 qua
483 922 632 994 spectatur
659 937 734 976 rosa.
788 915 849 977 516
878 938 913 977 ex
941 918 1184 977 abundantia-
1206 919 1295 977 venit.

138 1019 201 1080 586
225 1041 259 1078 ex
280 1021 334 1078 lite
355 1021 448 1079 multa
470 1020 568 1095 gratia
589 1019 623 1077 fit
640 1020 802 1079 formosior.
847 1017 908 1080 587
930 1041 965 1078 ex
986 1023 1099 1097 praemi
1117 1042 1168 1097 spe
1184 1022 1296 1080 laboris

137 1123 173 1182 fit
194 1123 338 1189 solatium.
385 1119 447 1181 774
469 1123 520 1181 vix
543 1122 696 1199 quisquam
718 1123 826 1182 transit
853 1123 885 1180 in
915 1124 1024 1181 bonum
1054 1125 1113 1181 nisi
1144 1144 1180 1182 ex
1209 1125 1295 1183 111110.

140 1222 199 1285 841
226 1225 304 1284 81111
326 1226 479 1299 disertum,
507 1245 522 1282 a
548 1245 605 1302 quo
629 1226 761 1302 loquitur
786 1225 904 1285 veritas.
935 1221 980 1304 b)
1005 1217 1174 1303 seperatin
1196 1220 1295 1286 affero

140 1343 193 1387 eos
215 1323 311 1403 locos,
334 1322 448 1405 quibus
471 1345 507 1386 ec
527 1324 721 1406 praepositio
745 1343 817 1387 cum
831 1327 944 1387 neutro
964 1324 1112 1388 adiectivi
1126 1325 1297 1389 coniuncta

139 1429 197 1489 111.
239 1424 315 1490 Pac.
341 1428 401 1490 185
429 1430 596 1490 Sermonem
622 1431 670 1488 hic
696 1435 829 1488 nostrum
855 1452 891 1488 ex
919 1433 1031 1489 occulto
1060 1418 1171 1507 clepsit.
1215 1426 1295 1491 Aoc.

142 1529 203 1599 160
225 1532 283 1592 Cur
304 1540 405 1592 vetera
426 1538 487 1591 tam
508 1554 544 1590 ex
567 1534 627 1591 alto
651 1533 807 1610 appetissis
830 1533 961 1591 discidia.
1007 1531 1069 1593 402
1092 1554 1128 1590 ex
1142 1534 1295 1609 profundo.

140 1632 202 1694 401
226 1655 261 1693 ex
283 1640 357 1694 tuto.
402 1627 472 1712 Syr.
496 1635 575 1694 sent.
599 1631 659 1694 777
687 1636 824 1711 voluptas
847 1655 862 1692 1
889 1634 1005 1692 difficili
1032 1636 1102 1694 data
1129 1634 1296 1693 dulcissima

139 1742 191 1795 est.
238 1734 298 1796 198
330 1718 366 1794 ex
396 1737 549 1794 communi
571 1737 666 1794 facere
696 1738 856 1813 proprium.
901 1733 929 1814 c)
952 1731 991 1796 (11
1021 1733 1141 1814 origine
1172 1732 1295 1796 dicitur.

140 1834 221 1896 Acc.
243 1834 305 1897 463
327 1839 374 1896 Ex
404 1838 557 1912 taurigeno
588 1839 697 1897 semine
729 1844 822 1897 ortam
853 1839 942 1897 fuisse
974 1860 1011 1898 an
1040 1840 1166 1899 humano
1196 1841 1294 1898 feram.

140 1937 202 1999 515
226 1961 261 1998 ex
283 1945 334 1998 tuo
365 1960 427 1999 1111
458 1945 628 2018 conceptum
658 1948 732 2000 satu.
777 1937 840 1999 552
868 1960 883 1998 1
913 1941 1048 2016 viperino
1078 1962 1183 2001 morsu
1226 1936 1295 2001 Inc.

138 2038 199 2101 inc.
222 2043 302 2118 trag.
328 2040 388 2130 102
410 2043 456 2100 Ex
470 2043 596 2102 Tantalo
618 2048 700 2102 ortus
715 2044 830 2119 Pelops,
853 2062 889 2100 ex
903 2043 1011 2120 Pelope
1027 2077 1068 2087 —-
1084 2051 1164 2103 satus
1178 2045 1294 2103 Atreus.

141 2141 201 2203 211
226 2145 366 2220 gaudium
389 2145 500 2203 oboriri
522 2166 557 2204 ex
579 2147 708 2204 tumultu
735 2146 874 2203 maximo!
913 2140 943 2223 d)
968 2141 1084 2205 dicitur
1104 2162 1163 2223 pro
1190 2164 1294 2204 aeccc-

140 2244 210 2305 clum
233 2241 354 2325 Turpil.
376 2245 414 2307 19
437 2267 482 2306 me
504 2269 539 2306 ex
562 2249 687 2307 aliorum
713 2248 841 2322 ingeniis
864 2247 977 2307 iudicat
999 2243 1049 2328 (cf.
1071 2245 1177 2309 locum
1199 2263 1297 2325 supra

141 2345 274 2409 allatum
306 2341 375 2428 Syr.
404 2349 483 2408 sent.
514 2347 584 2425 151,
615 2345 669 2410 ubi
697 2347 734 2408 de
759 2345 1028 2428 praepositionem
1059 2346 1172 2411 eodem
1200 2347 1295 2411 modo

139 2448 277 2530 positam
300 2468 369 2512 esse
383 2447 578 2532 reperimus).
625 2447 744 2530 Turpil
763 2449 821 2512 137
838 2473 973 2530 processe
988 2455 1073 2513 nobis
1091 2474 1127 2512 ex
1142 2455 1295 2513 sententia.

230 2550 302 2612 Cum
325 2549 402 2614 Pac.
425 2552 446 2613 4
467 2556 637 2634 Eviscerata
658 2556 788 2614 inanima
811 2573 876 2613 cum
899 2553 1030 2615 animoli
1045 2574 1128 2615 1010.
1178 2553 1215 2615 17
1232 2576 1297 2614 cum

79 2666 81 2671 ⁴
139 2656 236 2715 animo
267 2658 389 2716 attendi.
433 2653 474 2717 25
506 2658 624 2734 quicum
650 2663 784 2716 certetur.
828 2655 892 2719 210
919 2658 1033 2717 Mecum
1054 2658 1197 2717 altercas?
1234 2655 1297 2717 424

138 2763 242 2832 tecum,
265 2759 319 2817 sist
340 2764 477 2836 potestas,
500 2761 602 2818 faxsit:
630 2761 676 2819 sin
697 2780 808 2818 mecum
829 2760 911 2819 velit.
954 2754 1035 2820 Ace.
1060 2759 1099 2821 13
1122 2766 1214 2819 stares
1236 2780 1295 2818 1111-

139 2881 211 2919 cum.
255 2857 298 2921 90
318 2881 413 2920 meum
436 2863 547 2920 senium
570 2883 634 2920 cum
658 2863 757 2921 dolore
783 2867 835 2920 tuo
864 2863 1038 2938 coniungam
1066 2868 1097 2921 et
1124 2882 1295 2939 comparem.

139 2960 202 3022 216
225 2983 337 3022 summa
358 2985 423 3023 cum
445 2986 521 3024 cura.
565 2962 626 3024 211
650 2986 715 3023 cum
740 2971 874 3041 tyranne.
918 2962 980 3024 285
1004 2966 1082 3024 omni
1109 2966 1201 3042 stirpe
1229 2986 1294 3023 cum

139 3065 251 3123 incluta
273 3065 437 3125 Cadmeida.
482 3066 544 3128 326
567 3067 655 3125 armis
678 3087 774 3125 secum
789 3101 831 3110 —-
846 3086 970 3126 cernere.
1016 3064 1078 3127 358
1101 3067 1218 3125 steterit
1233 3087 1297 3125 cum

138 3166 268 3225 Achivis.
312 3164 374 3227 445
397 3169 455 3227 Ρ10
477 3190 508 3228 11
530 3171 653 3246 quisque
680 3190 744 3227 cum
771 3190 878 3228 corona
905 3171 1015 3227 clarum
1043 3175 1173 3229 conestat
1200 3174 1296 3245 caput.

139 3266 204 3328 474
226 3289 300 3345 quae
331 3289 395 3328 cum
425 3271 479 3330 illo
509 3272 623 3330 fuerim.
668 3269 731 3331 634
753 3292 864 3329 mecum
892 3271 998 3346 cogito.
1043 3265 1111 3330 Ino.
1133 3267 1193 3329 inc.
1216 3271 1295 3347 trag.

140 3370 181 3439 05
203 3372 290 3430 simul
312 3373 425 3446 animus
448 3394 513 3432 cum
539 3395 571 3433 re
594 3375 729 3432 concidit.
773 3367 868 3433 Lusc.
891 3371 906 3432 1
930 3374 1039 3431 bellum
1062 3393 1127 3430 cum
1147 3372 1295 3430 Rhodien-

139 3475 219 3533 sibus
242 3473 325 3545 Quod
348 3476 445 3535 fuerit.
490 3470 611 3553 Turpil.
637 3474 676 3536 10
699 3496 762 3534 cum
789 3495 896 3551 magna
917 3476 1043 3533 miseria.
1088 3471 1127 3534 51
1152 3495 1217 3533 cum
1238 3495 1296 3533 uno

138 3596 238 3654 puero.
287 3574 327 3635 57
360 3599 483 3655 quacum
513 3586 594 3638 aetas
626 3579 820 3654 degenda-
843 3584 919 3636 esset
948 3578 1014 3636 tibi.
1060 3575 1100 3637 12
1130 3577 1221 3636 Ducit
1251 3598 1297 3635 me

138 3698 241 3738 secum.
288 3676 326 3738 77
355 3679 530 3739 Habitamus
558 3715 599 3724 —
627 3698 691 3739 cum
717 3681 903 3739 mulierculis.
951 3678 1011 3739 112
1034 3699 1134 3738 ne-
1158 3700 1222 3737 cum
1244 3681 1297 3738 illa

138 3781 264 3840 limassis
292 3787 387 3857 caput.
440 3780 497 3842 151
528 3782 660 3842 Subduxi
688 3802 753 3840 cum
778 3783 833 3840 hac
859 3803 912 3840 me.
966 3780 1026 3841 168
1054 3781 1204 3839 subductis
1232 3802 1296 3839 cum

139 3883 303 3960 superciliis
331 3904 420 3943 senes.
465 3879 561 3944 Titin.
585 3883 626 3945 32
653 3889 748 3942 tecum
774 3885 901 3943 obsecro.
946 3881 986 3942 43
1015 3904 1080 3942 cum
1107 3889 1209 3943 scorto.
1255 3881 1294 3944 51

139 4005 324 4045 11111111-
346 3987 490 4064 conloqui.
535 3984 575 4046 63
598 4007 709 4044 mecum
736 3987 825 4063 loqui.
870 3984 911 4046 68
938 4005 1099 4044 sermonem
1122 4020 1163 4031 —
1185 4007 1296 4044 mecum

139 4089 271 4146 contulit.
319 4085 359 4147 74
385 4090 465 4166 picto
494 4110 558 4147 cum
584 4095 690 4166 tapete.
734 4084 818 4148 Aua
846 4085 865 4147 3
894 4109 958 4146 cum
984 4087 1145 4146 meretrice.
1189 4086 1209 4145 8
1232 4107 1296 4144 cum

138 4188 233 4267 primo
263 4191 331 4249 luci.
374 4184 487 4250 Afran.
511 4189 551 4251 53
582 4191 662 4250 Bene
693 4191 910 4262 convenientes,
941 4190 1015 4248 bene
1046 4190 1201 4248 concordes
1233 4208 1297 4247 cum
