2872 4770
610 249 825 311 -47-

144 419 204 482 122
227 424 305 499 quod
327 422 492 480 molendum
515 422 662 481 conduxit.
703 415 879 482 Genetirus
901 417 1046 499 gerundii
1068 422 1100 481 et
1122 417 1298 500 gerundivi:

140 521 220 584 Aee.
243 521 306 583 211
334 524 472 601 epulandi
500 525 605 599 gratia.
648 518 726 583 Pae.
749 521 791 584 43
818 530 972 601 parentum
994 557 1035 567 —-
1063 525 1299 600 investigandum

141 628 246 703 gratia.
280 622 359 686 Aee.
384 623 445 686 586
468 626 726 703 Vicissitatemque
747 627 929 702 inperitandi
951 627 1085 685 tradidit.
1116 621 1212 686 Pace.
1235 623 1298 686 220

140 730 313 805 Inquirendi
339 736 373 788 ut
399 729 457 787 mei
481 729 615 806 parantis
641 729 714 787 mihi
740 733 917 806 potestatem
945 729 1019 787 duis.
1063 724 1144 789 Ace.
1168 726 1231 788 216
1254 729 1297 786 lu-

140 832 229 889 minis
261 831 461 908 conspiciendi
491 831 656 890 insolentia.
709 825 786 890 Pae.
814 826 856 889 24
888 831 1027 888 cernundi
1050 864 1091 874 -
1114 836 1297 908 potestatem.

141 928 238 994 Paeo.
265 930 324 992 111
341 931 541 1008 Cognoseendi
560 965 593 974 -
618 938 670 992 aut
691 933 849 992 contuendi
869 934 961 1010 copia.
992 931 1053 993 201
1077 937 1205 1010 spatium
1226 931 1298 992 ulci-

140 1037 247 1095 scendi.
279 1032 341 1095 358
357 1035 543 1110 intelligendi
565 1036 683 1094 astutia.
715 1032 778 1095 410
800 1036 902 1094 tuendi
922 1068 962 1077 -
978 1034 1106 1094 satietas.
1137 1030 1219 1095 Ace.
1235 1032 1298 1095 290

139 1159 231 1216 pausa
253 1137 399 1214 loquendi.
437 1133 499 1195 418
523 1138 661 1196 causandi
684 1138 772 1197 loeus.
809 1131 974 1196 4321111.
998 1134 1060 1196 586
1084 1137 1297 1196 Vicissitatem-

140 1260 197 1318 que
218 1238 400 1317 inperitandi
422 1239 555 1298 tradidit.
598 1233 712 1299 Afran.
736 1237 797 1299 351
821 1260 888 1317 spes
910 1239 1076 1298 reducendi.
1114 1235 1154 1298 91
1178 1240 1297 1298 cacandi

140 1362 234 1402 causa.
284 1333 354 1420 Syr.
382 1341 461 1401 sent.
489 1338 530 1401 59
558 1342 648 1400 dandi
676 1363 800 1402 eausam.
844 1339 907 1402 314
935 1343 1062 1418 negandi
1095 1362 1188 1401 eausa.
1234 1339 1297 1402 306

139 1444 282 1521 perdendi
304 1443 397 1502 finem.
429 1441 490 1503 369
513 1445 656 1522 pereundi
670 1479 713 1489 ·-
726 1451 850 1521 tempus.
887 1441 948 1503 563
965 1443 1095 1503 (lavandi
1111 1478 1152 1486 —
1175 1445 1296 1503 eccesie.

138 1543 201 1605 194
224 1545 299 1604 Odio
323 1581 364 1588 —
386 1547 534 1624 peccandi.

223 1645 273 1708 49.
302 1638 472 1724 Tempora.
499 1643 658 1709 Praesens
674 1643 860 1708 historicum
874 1647 949 1726 post
957 1649 1121 1728 postquem
1137 1648 1169 1707 et
1185 1644 1297 1708 deinde

137 1745 170 1808 in
199 1744 333 1827 apodosi
359 1744 498 1827 pesitum
525 1751 574 1809 est
594 1745 654 1809 ine.
676 1747 737 1810 inc.
764 1750 846 1827 trag.
873 1746 1058 1809 loo-les.
1098 1743 1150 1809 De
1173 1745 1297 1811 actione

136 1846 337 1930 prohibenda
358 1866 511 1929 praesens
534 1846 725 1912 eoniunetivi
745 1851 932 1930 usurpatum
959 1851 1008 1912 est
1030 1846 1152 1929 Turpil.
1178 1849 1237 1912 106
1261 1874 1297 1912 ne

137 1974 184 2011 me
206 1953 324 2028 attigas,
347 1949 459 2013 eadem
479 1953 587 2012 autem
609 1945 1210 2032 111110011101101111111113111111.
1233 1951 1294 2015 281

138 2076 175 2114 ne
197 2055 308 2114 feceris.
338 2049 527 2116 Perfectum
543 2049 689 2116 infinitivi
710 2051 809 2116 habes
830 2051 910 2115 Aeo.
934 2052 997 2115 205
1019 2055 1075 2126 eui
1097 2075 1157 2113 101
1179 2061 1225 2114 111
1246 2057 1296 2115 ha·

137 2157 205 2216 buit
232 2157 385 2233 coniugem
411 2159 510 2216 intexe
536 2159 568 2216 iu
595 2163 728 2236 stuprum
755 2160 788 2217 et
814 2153 928 2217 Afran.
959 2155 997 2217 11
1029 2159 1088 2216 iam
1119 2159 1228 2217 dudum
1251 2180 1296 2218 oe-

139 2259 278 2334 culuisse,
308 2260 460 2335 degulasse
483 2261 621 2337 oportuit.
665 2254 824 2319 Futurum
847 2261 993 2321 exactum
1016 2255 1054 2320 de
1076 2276 1111 2320 re
1134 2256 1198 2322 cito
1221 2276 1294 2322 eon·

138 2355 274 2421 fieienda
294 2363 483 2439 usurpatum
497 2357 610 2422 Afran.
635 2359 675 2422 12
697 2368 765 2440 pest
786 2383 951 2437 narravere,
975 2381 1047 2423 eum
1068 2357 1160 2422 futI
1181 2359 1215 2422 11
1236 2379 1299 2423 una

137 2459 355 2524 enuntiatione
386 2459 588 2524 coniunctum
617 2459 733 2524 Laber.
761 2462 821 2524 128
853 2485 918 2522 cum
949 2467 1064 2524 veneris
1087 2500 1129 2508 -
1151 2466 1299 2524 001111111

138 2586 234 2642 aegre.
265 2560 305 2624 In
328 2561 551 2626 consecutione
573 2569 754 2644 temporum
773 2560 904 2627 offendit
925 2563 985 2628 ine.
1006 2565 1067 2628 inc.
1091 2567 1171 2645 trag.
1191 2565 1227 2627 11
1253 2584 1298 2644 sq.

137 2669 180 2727 Ut
201 2689 232 2728 se
253 2665 388 2727 edoceret
410 2669 562 2728 obsecrem
584 2669 761 2746 Apollinem,
784 2670 847 2739 Quo
868 2690 930 2729 sese
949 2671 1070 2729 certent
1092 2675 1192 2728 tantae
1206 2674 1299 2728 sortes

143 2771 296 2829 somnium.

226 2869 276 2931 50.
313 2866 413 2931 Medi.
450 2866 644 2933 Indicativus
672 2869 770 2933 etiam
797 2869 883 2951 apud
904 2868 962 2933 hes
988 2873 1102 2951 poetas
1125 2868 1297 2949 scaenicos,

141 2969 180 3033 ele
209 2968 323 3054 quibus
350 2990 433 3034 nune
461 2970 596 3053 agimus,
628 2976 665 3034 ut
691 2971 776 3053 apud
802 2971 939 3054 priores,
970 2971 1003 3034 in
1030 2970 1298 3036 enuntiationibus

140 3070 304 3136 obieetivis
326 3071 431 3135 lecum
452 3071 563 3153 habet,
587 3094 669 3155 quae
692 3079 767 3136 sunt
788 3073 905 3139 similes
928 3073 1180 3139 enuntiationum
1200 3071 1323 3137 inter·'

141 3172 367 3254 rogativamm.
415 3173 495 3238 Aee.
529 3176 588 3238 191
622 3180 725 3238 dubito
757 3181 829 3256 quid
860 3181 932 3256 agis.
986 3178 1048 3240 303
1077 3181 1174 3239 Viden
1204 3187 1238 3238 ut
1268 3186 1298 3239 te

143 3280 272 3356 inpietas
287 3280 419 3339 stimulat
433 3301 485 3339 uec
500 3282 632 3340 moderat
646 3281 761 3340 metus?
792 3280 854 3341 499
870 3283 1016 3359 Expreme
1031 3283 1104 3358 quid
1125 3284 1191 3341 fers.
1221 3278 1297 3342 Pae.

138 3379 205 3442 294
228 3383 325 3442 nescio
353 3383 493 3459 quidnam
520 3388 571 3442 est.
617 3376 686 3463 Syr.
715 3384 792 3444 sent.
818 3381 879 3443 020
906 3385 992 3459 Mage
1018 3384 1098 3444 valet
1124 3385 1175 3460 qui
1197 3385 1297 3458 nescit,

142 3485 293 3543 calamitas
309 3486 381 3561 quid
395 3486 482 3544 valet.
514 3479 635 3564 Tu1pil.
655 3484 715 3546 104
730 3487 818 3545 viden
840 3492 874 3545 ut
896 3487 1044 3545 osculatur
1059 3486 1185 3544 cariem?
1215 3482 1297 3546 Pell.

139 3582 201 3646 inc.
218 3581 278 3646 ine.
303 3584 342 3646 62
358 3588 455 3646 Viden
476 3593 511 3646 ut
533 3589 669 3647 cinaedus
693 3589 792 3647 orbem
815 3590 910 3665 digito
932 3587 1096 3666 temperat?
1126 3583 1240 3648 Afran.
1257 3586 1295 3648 91

141 3690 238 3747 Viden
260 3694 294 3748 ut
316 3689 438 3747 facunde
461 3695 562 3749 eontra
584 3692 712 3750 causaris
734 3691 868 3768 patrem?
899 3686 1013 3769 Pomp.
1030 3685 1112 3750 Bon.
1139 3688 1199 3749 102
1222 3692 1297 3751 Vele

136 3791 340 3865 1111111111,
372 3812 423 3850 eur
444 3793 571 3852 urbanas
593 3814 639 3852 res
662 3827 703 3835 —
726 3793 843 3852 deseris.
887 3787 1004 3853 Laber.
1027 3790 1068 3851 20
1091 3791 1297 3869 mirabarque

142 3894 228 3951 mede
251 3913 392 3952 mammae
414 3895 487 3953 mihi
509 3897 582 3955 Tam
605 3896 853 3954 descendiderant.
898 3889 1011 3954 Afran.
1035 3891 1097 3953 419
1119 3893 1224 3953 Nescio
1247 3897 1297 3972 qui

141 3995 235 4053 uestri
257 3996 422 4055 miseritust
443 3998 561 4056 tandem
583 3999 660 4057 deus.
692 3992 806 4074 Pomp.
828 3991 912 4058 Bon.
935 3994 975 4056 99
998 3996 1103 4055 Nescio
1126 3996 1192 4071 quis
1215 3998 1298 4073 quasi

141 4098 248 4156 molam
275 4103 362 4174 urget
389 4100 487 4158 asinus
513 4120 634 4158 uxerem
661 4105 750 4158 tuam.
801 4090 870 4178 Syr.
903 4100 981 4158 sent.
1010 4096 1072 4158 319
1099 4098 1197 4156 neseio
1224 4099 1297 4176 quid

134 4200 245 4273 agitat.
