2872 4770
608 310 822 374 ,77-

136 484 210 562 quid
231 481 324 558 ergo?
353 476 471 542 Publil.
486 465 558 560 Syr.
583 479 621 543 19
644 484 715 561 quid
737 503 808 561 ergo
905 477 1002 563 Turp.
1028 481 1065 544 11
1089 489 1295 545 testamentum

137 606 207 662 ergo
234 584 362 644 celabis?
405 579 483 645 Pac.
512 581 594 646 365²
620 587 706 645 ambo
734 604 802 663 erpo
830 582 927 663 ipilur
953 588 1040 646 simul
1066 609 1125 648 uua
1152 589 1296 648 enicarier

138 688 368 766 Comprecamur.
384 721 426 730 —
441 682 538 763 ipitcr
550 681 666 748 Afran.
682 686 742 749 201
763 690 819 748 hoc
833 690 953 748 obsecro
974 684 1081 765 ipitur.
1113 687 1176 751 355
1193 687 1297 767 Ipc'tnr·

137 792 261 869 quiesce.
284 823 327 833 -
349 785 454 870 itaque
474 783 590 849 Afran.
615 788 684 851 110.
711 789 780 852 196.
824 785 941 851 Labor.
965 789 1015 851 27.
1091 835 1094 839 <

225 890 275 953 70.
306 886 437 952 Addam
457 886 518 952 hac
532 889 735 973 paragrapho
751 889 990 955 coniunctiones
1013 889 1189 972 nonnullas,
1212 911 1297 975 quae

137 991 179 1056 ad
200 989 383 1056 formandas
405 989 640 1056 enuntiationes
663 992 867 1058 secundarius
888 998 1089 1074 usurpantur.
1135 994 1193 1056 etei
1213 993 1296 1058 Aac.

140 1096 188 1159 73.
224 1090 294 1176 Syr.
317 1097 396 1158 sent.
420 1094 491 1157 545.
523 1090 658 1160 Ceteros
679 1095 777 1174 locos,
799 1093 856 1158 ubi
877 1115 949 1158 cum
972 1100 1071 1156 tamen
1093 1096 1296 1162 coniunctum

138 1202 188 1262 est
208 1195 280 1260 vide
302 1196 320 1280 5
343 1197 393 1259 66.
417 1235 459 1242 -
486 1195 636 1276 Quoniam
659 1196 698 1261 de
721 1217 818 1261 causa
839 1196 956 1260 dicitur
976 1196 1057 1261 Acc.
1083 1198 1158 1278 120;
1180 1196 1297 1263 Afran.

140 1301 216 1378 1473
239 1300 316 1378 3553
344 1329 375 1352 =
402 1303 574 1380 postquam
595 1297 672 1363 Pac.
696 1301 768 1363 392.
792 1337 834 1346 -
856 1301 936 1384 qaod
961 1298 1022 1363 inc.
1044 1300 1105 1364 inc.
1127 1303 1209 1384 trag.
1234 1302 1298 1365 198

138 1422 184 1484 sq.
207 1405 393 1465 Horrendum
416 1404 613 1464 miserandum
634 1399 750 1484 inpium
772 1426 833 1465 esse
855 1406 1021 1480 clamitant,
1049 1407 1134 1478 Quod
1155 1408 1298 1484 expulisti

138 1508 252 1569 saucios
273 1508 372 1586 patrio
394 1507 463 1566 lare.
506 1504 567 1568 172
590 1523 636 1587 sq.
658 1509 726 1568 Non
748 1528 939 1568 commemoro
961 1509 1040 1586 quod
1061 1510 1195 1568 draconis
1217 1510 1297 1569 saevi

138 1611 235 1689 sopivi
255 1611 405 1688 impetum,
427 1610 493 1670 Non
515 1611 594 1687 quod
616 1611 715 1670 domui
736 1611 797 1670 vim
819 1616 969 1670 taurorum
992 1617 1022 1670 et
1043 1612 1152 1687 segetis
1167 1617 1299 1671 armatae

138 1733 248 1772 manus.
298 1704 432 1773 Ceteros
459 1706 548 1774 locos
574 1709 645 1774 vide
671 1709 757 1791 apud
778 1707 873 1773 Ribb.
900 1708 934 1773 in
959 1709 1044 1774 indd.
1065 1747 1107 1758 -
1126 1710 1189 1772 asiai
1215 1708 1299 1774 Aac.

139 1812 211 1875 384.
242 1808 363 1892 Tm‘pil.
398 1813 439 1876 10
474 1817 566 1893 apisci
602 1816 675 1875 haut
705 1836 819 1894 possem
849 1817 908 1875 nisi
939 1837 1004 1875 cum
1033 1836 1140 1892 magna
1170 1817 1297 1875 miseria.

137 1912 256 1978 Labor.
288 1913 348 1976 124
375 1918 419 1977 nil
444 1919 511 1976 nisi.
557 1910 627 1998 Syr.
655 1918 735 1978 sent.
763 1915 949 1978 391111-
971 1920 1022 1977 nil.
1067 1917 1129 1978 240
1156 1920 1232 1978 nihil
1255 1953 1299 1962 -

138 2021 204 2079 nisi.
243 2016 304 2079 159
326 2040 411 2079 nemo
434 2054 475 2063 --
496 2021 564 2080 uisi.
595 2017 657 2080 388
679 2042 764 2080 nemo
784 2021 852 2080 nisi.
888 2019 961 2081 325.
984 2018 1056 2081 367.
1080 2019 1151 2081 774.
1180 2055 1209 2065 -—
1237 2022 1298 2080 nisi

139 2124 165 2182 si
195 2117 272 2182 Pac.
304 2120 333 2181 7.
366 2149 398 2173 =
435 2118 496 2183 inc.
528 2118 589 2182 inc.
621 2125 703 2201 trag.
736 2122 778 2184 90
805 2151 836 2174 =
870 2116 940 2203 Syr.
974 2124 1052 2184 seut.
1086 2121 1126 2183 85
1160 2150 1191 2174 =
1226 2121 1297 2184 170.

139 2217 274 2285 Ceteros
296 2218 384 2286 locos
406 2219 476 2284 vide
498 2241 549 2303 ap.
571 2219 667 2286 Ribb.
688 2221 723 2286 in
743 2221 829 2286 indd.
869 2242 871 2246 ·

227 2324 277 2386 71.
312 2321 566 2389 Interiectiones.
603 2348 623 2387 c
645 2322 727 2389 Nor.
752 2327 801 2389 72.
824 2363 866 2371 -
889 2329 970 2386 attat
992 2324 1072 2390 Ace.
1098 2326 1167 2389 138.
1191 2362 1231 2372 —
1254 2348 1296 2388 cu

137 2425 252 2490 Afran.
275 2427 315 2490 97
339 2452 377 2489 au
399 2431 471 2508 quid
491 2451 538 2490 me
560 2430 678 2490 censes?
724 2428 784 2491 103
806 2432 854 2489 Au
876 2431 917 2489 mi
939 2431 1038 2490 homo!
1063 2467 1104 2475 -
1127 2428 1176 2490 edi
1199 2425 1298 2492 Titia.

141 2531 180 2593 12
213 2560 245 2582 =
278 2527 366 2592 edius
391 2526 484 2594 fidius
512 2526 646 2612 (Charis.
669 2527 707 2592 H
734 2551 765 2612 p.
790 2530 851 2593 178
877 2528 936 2613 Ρ.).
967 2569 1003 2576 -
1025 2530 1054 2592 ei
1075 2528 1156 2594 Aac.
1180 2532 1241 2595 351
1270 2535 1299 2593 ei

138 2636 219 2694 mihi.
264 2628 385 2713 Turpil.
416 2633 476 2696 104
503 2637 541 2695 Ei
572 2638 657 2714 perii.
685 2671 726 2679 —
752 2631 833 2696 Aoo.
861 2633 923 2696 302
955 2654 997 2695 em
1029 2642 1145 2714 praesto
1176 2642 1227 2696 est.
1255 2672 1299 2680 —

140 2733 218 2795 Hem
239 2731 319 2798 Aac.
345 2734 416 2797 157.
461 2732 560 2816 Turp.
587 2737 655 2798 177.
693 2732 808 2798 Afran.
832 2736 882 2798 33.
906 2736 955 2798 38.
980 2736 1021 2798 95
1043 2739 1119 2797 Hem
1141 2739 1212 2815 quid
1235 2739 1300 2798 ais?

140 2836 203 2900 394
224 2841 300 2898 Hem
322 2840 489 2917 quidhoc?
513 2876 553 2885 -
577 2835 673 2902 Titia.
697 2840 737 2902 59
761 2838 810 2900 171
832 2848 952 2900 ecastor.
995 2835 1076 2900 Aoo.
1100 2837 1162 2901 346
1190 2863 1225 2900 eu
1252 2861 1301 2900 me

139 2943 285 3001 miserum.
312 2978 354 2987 -
381 2941 439 3002 hcc
460 2940 541 3005 Aoo.
570 2941 620 3004 22.
651 2942 723 3005 450.
747 2940 894 3024 5584111
920 2944 1074 3002 Mulciber!
1112 2940 1184 3004 562.
1220 2939 1298 3004 Pac.

140 3043 205 3106 264
229 3047 288 3104 heu
312 3047 449 3105 miserum
477 3068 531 3106 me.
555 3082 595 3091 -
617 3042 678 3108 ino.
705 3043 766 3108 ino.
793 3050 874 3126 trag.
906 3044 967 3107 184
995 3063 1011 3104 o
1039 3047 1141 3105 domus
1167 3047 1301 3124 antiqua,
1403 3080 1407 3086 ·

140 3145 198 3207 heu
221 3169 310 3226 quam
337 3149 450 3226 dispari
472 3150 632 3208 Dominare
654 3151 779 3210 domino.
824 3145 960 3227 Pompil.
983 3143 1097 3228 Pomp.
1119 3144 1202 3209 Bon.
1228 3144 1299 3209 194.

141 3244 239 3329 Turp.
274 3249 333 3312 117
366 3251 432 3310 Heu
463 3273 510 3310 me
540 3253 700 3311 infelicem!
743 3248 858 3312 Afran.
886 3250 949 3312 410
976 3253 1042 3310 Heu
1072 3273 1118 3310 me
1148 3251 1299 3310 miserum!

141 3345 212 3432 Syr.
239 3354 319 3413 sent.
353 3351 423 3414 188.
459 3352 528 3415 189.
561 3351 633 3415 514.
667 3352 739 3415 515.
772 3352 843 3416 516.
872 3352 943 3415 604.
972 3352 1043 3415 783.
1066 3388 1109 3398 -
1131 3351 1204 3412 eheu
1227 3345 1299 3432 Syr.

141 3456 221 3515 sent.
248 3453 317 3516 132.
341 3454 474 3516 —heic
500 3451 599 3536 Turp.
625 3454 684 3518 107
712 3459 789 3517 Heia
814 3478 901 3535 quam
927 3458 1056 3516 ferocula
1082 3458 1138 3516 est!
1162 3491 1204 3498 -
1225 3453 1300 3514 heca

141 3552 222 3618 Aac.
256 3556 326 3619 140.
375 3555 487 3638 Pomp.
511 3555 600 3622 ,Bon
629 3558 680 3621 54.
707 3596 750 3603 -
778 3557 808 3619 io
839 3562 943 3620 bucco!
987 3554 1113 3639 Apriss.
1146 3558 1173 3618 1.
1201 3595 1243 3602 —
1274 3554 1302 3616 0

141 3655 219 3722 Pau.
242 3659 304 3722 307
328 3660 413 3742 (cum
434 3662 522 3743 aco.).
565 3658 647 3722 Aac.
671 3661 712 3723 80
735 3664 759 3723 0
787 3665 884 3723 dirum
904 3663 1069 3722 hostificum
1091 3664 1177 3736 diem,
1200 3683 1217 3721 ο
1238 3661 1302 3721 vim

141 3772 256 3825 torvam
279 3766 398 3843 aspecti.
436 3762 499 3826 240
523 3787 540 3825 o
561 3766 699 3842 Dionyse.
741 3764 800 3826 361
826 3766 849 3825 0
872 3768 969 3843 pater!
1007 3763 1070 3825 364
1093 3765 1116 3824 0
1139 3764 1302 3840 ingratifici

141 3867 258 3942 Argivi.
302 3865 404 3928 6400
427 3889 544 3928 suavem
566 3870 685 3944 linguae
708 3869 846 3927 sonitum!
888 3868 1052 3927 odulcitas
1074 3869 1303 3945 Conspirantum

143 3971 271 4030 animae!
308 3963 445 4031 Gracoh.
471 3969 486 4029 1
512 3971 535 4030 0
557 3977 644 4048 grata
665 3971 760 4030 cardo.
796 3965 865 4029 Ine.
888 3967 948 4030 inc.
971 3971 1051 4048 trag.
1075 3968 1113 4030 91
1140 3970 1163 4029 0
1186 3990 1302 4049 parens.

144 4071 204 4133 251
235 4094 252 4132 o
278 4074 378 4150 pelagi
405 4094 542 4132 cursores.
587 4068 708 4152 Turpil.
734 4072 792 4133 171
823 4073 847 4132 Ο
875 4074 922 4131 dic
949 4073 1030 4131 mihi.
1073 4067 1187 4132 Afran.
1211 4070 1251 4132 52
1275 4071 1302 4130 0

143 4176 266 4250 dignum
288 4176 413 4234 facinus!
459 4174 499 4235 66
523 4176 546 4235 0
575 4177 653 4235 diem
675 4176 855 4235 scelerosum.
902 4173 962 4235 102
985 4178 1024 4239 ol
1053 4169 1187 4255 (Charis.
1209 4168 1303 4252 Hp.

144 4276 207 4338 214
229 4273 282 4338 P.:
306 4271 442 4338 dolentis
473 4276 542 4356 cst.)
590 4275 650 4338 185
682 4299 699 4337 ο
729 4299 843 4338 sacrum
873 4299 1008 4338 scurram.
1061 4275 1120 4337 193
1149 4278 1173 4337 Ο
1203 4297 1303 4355 puero.
