2872 4770
608 235 823 297 -39-

139 402 220 468 365³
250 428 474 486 comprecamur.
517 405 597 468 Aoo·
623 406 663 468 70
685 409 830 486 amplexa,
859 403 944 486 quod
965 402 1089 469 Nonius
1110 425 1169 486 pro
1196 405 1295 487 impe·

137 506 238 571 rativo
253 505 360 586 habet,
384 527 456 570 cum
470 504 648 571 Ribbeckio
667 505 842 571 certissime
858 527 917 588 pro
932 506 1100 588 participio
1115 505 1297 572 habendum

138 614 194 672 est.
246 608 404 690 Pompcn.
435 607 517 674 Bon.
546 610 584 672 31
617 613 729 671 moriri.
779 605 923 675 Verbum
946 609 1083 682 citicari,
1118 608 1203 691 quod
1235 614 1296 674 sec.

136 709 278 774 Nonium
296 712 365 790 136,
382 713 402 776 8
423 711 509 774 idem
532 716 580 775 est
603 711 689 793 quod
710 708 858 774 rusticari
879 710 931 776 vel
951 710 1045 776 villae
1060 730 1217 793 praeesse,
1241 732 1297 776 sex

136 811 215 876 locis
237 812 407 877 invenitur:
430 813 514 877 Atta
541 815 576 877 17
600 823 685 894 pater
706 817 847 876 vilicatur
868 822 944 876 tuus.
976 811 1097 895 Turpil.
1121 814 1162 876 82
1184 818 1296 877 vilicor.

141 915 202 979 170
223 920 375 978 vilicabar.
406 914 520 979 Afran.
545 915 605 977 327
628 920 774 978 vilicatur.
804 913 917 996 Pomp.
940 913 1022 980 Bon.
1046 917 1087 979 45
1111 918 1295 979 01461111-

139 1021 208 1079 cari.
242 1013 522 1098 Semideponentia
537 1023 610 1080 sunt
631 1016 708 1081 Pac.
724 1017 785 1081 261
806 1026 959 1080 consuetus
983 1022 1015 1081 et
1030 1016 1151 1099 Turpil.
1175 1019 1215 1082 33
1230 1022 1298 1081 Non

136 1143 200 1181 sum
228 1123 325 1182 iurata
354 1117 539 1199 (Diomedes
561 1117 580 1181 I
601 1138 631 1199 p.
655 1119 716 1182 397
740 1118 799 1202 R).
844 1119 951 1184 Multa
972 1119 1084 1199 verba,
1107 1140 1188 1202 quae
1211 1120 1297 1202 apud

136 1220 330 1301 posteriores
358 1221 531 1302 scriptores
557 1221 589 1284 in
617 1225 816 1286 constantem
842 1220 978 1287 formam
1007 1242 1041 1286 00
1063 1227 1296 1303 converterunt,

137 1320 222 1403 apud
244 1321 303 1387 hos
325 1329 437 1404 poetas
460 1322 621 1388 scaenicos
643 1324 766 1405 priscos
788 1323 955 1389 etiamtum
969 1322 1125 1388 fluctuant
1146 1324 1230 1388 inter
1244 1346 1296 1390 ac-

137 1423 236 1487 tivam
259 1429 293 1489 et
314 1424 498 1506 passsivam,
520 1425 745 1490 nonnullorum
760 1426 841 1491 adeo
864 1425 933 1493 sola
955 1426 1051 1490 activi
1072 1425 1174 1490 scrma
1195 1425 1236 1491 ab
1258 1427 1297 1492 iis

136 1533 291 1607 usurpata
314 1533 371 1591 est.
403 1526 480 1591 Pac.
505 1529 545 1592 78
569 1533 735 1591 coniectura
757 1567 798 1574 —
821 1534 964 1609 augurat.
995 1528 1075 1593 Acc.
1099 1530 1160 1592 497
1185 1534 1295 1591 coniec-

136 1639 203 1691 tura
233 1652 360 1710 augaro.
404 1628 518 1693 Afran.
549 1632 568 1695 8
599 1654 748 1709 augurem.
797 1628 838 1693 In
864 1630 991 1712 passivo
1018 1629 1098 1694 Ace.
1126 1636 1227 1711 praet.
1256 1633 1296 1695 39

137 1737 323 1811 auguratum
346 1737 391 1793 eat
413 1756 474 1794 rem
496 1737 657 1794 Romanam
679 1735 828 1812 publicam
850 1757 991 1795 summam
1013 1737 1084 1796 fore.
1121 1730 1228 1797 Locus
1250 1733 1296 1797 111-

138 1838 244 1896 0011110
266 1837 316 1896 001
330 1832 411 1896 Ace.
428 1834 478 1913 87,
497 1832 552 1898 ubi
573 1833 621 1897 ed.
643 1853 690 1914 pr.
713 1832 811 1897 habet
825 1859 973 1914 augurem,
995 1833 1069 1899 libri
1090 1858 1224 1914 augurer,
1247 1835 1295 1898 ed.

141 1935 222 1998 1480
251 1944 402 2013 augurent.
446 1934 524 2000 Pac.
552 1938 593 1999 96
620 1940 826 2017 prospectum
848 1958 965 2017 arccupo
993 1968 1024 1991 =
1051 1936 1132 2004 Acc.
1160 1939 1233 2004 407.
1256 1976 1297 1984 -

136 2035 216 2099 Ace.
247 2037 308 2100 165
336 2041 368 2098 id
390 2075 431 2082 —
454 2044 623 2117 altcapcnl.
670 2035 765 2102 Titin.
796 2039 855 2101 151
885 2043 917 2100 id
939 2062 992 2118 ego
1015 2039 1177 2120 aucupavi.
1220 2038 1297 2103 Pac.

137 2139 178 2201 98
201 2138 389 2201 adiutamini
412 2149 441 2202 01
463 2144 620 2202 defendite.
666 2137 762 2222 (11011
786 2142 836 2220 74,
862 2142 877 2203 1
903 2145 1059 2204 aiutamini
1074 2160 1139 2223 ,pro
1163 2146 1297 2220 aiutatc).

136 2239 214 2305 Pac.
240 2241 299 2305 157
327 2246 416 2303 Illum
444 2265 564 2321 quaero,
597 2246 649 2324 qui
671 2243 834 2305 adteratur
863 2242 958 2327 (Non.
982 2245 1059 2323 477,
1082 2245 1123 2308 26
1147 2249 1299 2307 adiutatur

136 2363 195 2424 pro
219 2343 361 2426 adiutat).
398 2342 478 2408 Ace.
504 2345 564 2407 103
587 2354 618 2406 te
640 2344 783 2407 adiutem.
814 2343 926 2410 Adran.
949 2346 1010 2409 207
1034 2371 1080 2409 me
1102 2346 1297 2410 adiutamiui.

136 2442 213 2509 Pac.
240 2446 298 2508 101
323 2451 420 2527 opino.
463 2445 578 2512 Adran.
601 2447 665 2510 418
693 2451 804 2527 opinor.
849 2447 926 2512 Pac.
953 2449 1013 2512 166
1037 2452 1109 2511 Cum
1137 2471 1231 2529 neque
1252 2471 1298 2510 mc

138 2552 268 2628 aspicere
295 2553 430 2628 aequales
453 2548 616 2628 diffluerent
637 2573 718 2611 meae
742 2547 837 2630 (Non.
860 2551 938 2630 470,
964 2552 1002 2614 19
1026 2554 1149 2630 dignari
1169 2569 1228 2632 pro
1251 2549 1297 2613 di-

138 2655 254 2731 gnatus
276 2670 346 2712 sum
367 2648 419 2714 vel
440 2649 569 2732 dignum
592 2650 688 2733 duxi).
720 2649 797 2714 Pac.
821 2651 883 2714 212
907 2653 1012 2732 diffluet
1034 2657 1180 2716 decorare.
1216 2650 1297 2716 Acc.

138 2753 199 2816 447
229 2751 355 2831 dignari
382 2789 423 2798 -
451 2756 528 2816 dare.
562 2791 603 2823 -,-
633 2751 715 2815 Ace.
743 2753 804 2816 231
837 2759 939 2833 Egone
965 2758 1111 2834 Argiuum
1141 2758 1298 2835 imperium

138 2859 285 2934 attingam
307 2864 359 2916 aut
380 2858 504 2935 Pelopia
527 2856 632 2935 dignes
656 2858 762 2917 domo?
786 2854 880 2935 (Non.
903 2858 976 2937 231,
999 2859 1020 2920 4
1042 2861 1181 2936 dignatus
1203 2855 1297 2937 signi-

137 2954 214 3020 ficat
245 2955 359 3038 dignus
389 2955 538 3041 habitus).
570 2994 611 3003 -
642 2956 761 3021 Activa
791 2956 1021 3039 significatione
1050 2957 1299 3040 intellegendum

136 3057 217 3121 Ace.
241 3059 304 3121 474
332 3063 391 3136 cui,
423 3083 498 3142 quae
524 3084 588 3122 cum
616 3063 669 3122 illo
692 3064 812 3137 fuerim,
845 3061 993 3141 dignabor
1015 3065 1100 3124 dari?
1136 3059 1211 3125 Pac.
1236 3062 1295 3125 181

136 3170 270 3222 moraret.
313 3158 489 3243 Deponens
510 3161 591 3224 Aeo.
618 3162 677 3224 173
706 3167 865 3224 exercitum
890 3164 1011 3227 morari.
1055 3163 1134 3228 Ace.
1158 3165 1177 3227 9
1205 3169 1296 3246 perti·

136 3285 236 3323 nucem
267 3267 311 3324 nil
339 3285 445 3328 moror.
488 3263 562 3328 Pac.
591 3263 654 3326 210
686 3268 818 3326 alternas
862 3266 926 3329 225
953 3270 1031 3328 Exul
1058 3272 1168 3328 incerte
1196 3270 1296 3345 vagat.

137 3364 199 3427 302
223 3388 322 3428 0110110
344 3372 445 3444 caput.
476 3369 556 3430 Ace.
573 3366 636 3428 236
651 3375 762 3445 vagant
782 3395 812 3418 =
834 3368 906 3430 409.
940 3367 1001 3429 441
1019 3372 1143 3446 Vagent.
1175 3365 1296 3448 Turpil.

140 3467 199 3528 122
235 3465 334 3546 Vagus
360 3471 484 3531 insania.
528 3466 608 3531 Acc.
638 3469 700 3531 643
728 3476 841 3546 evagat.
885 3466 962 3531 Pac.
992 3469 1053 3532 306
1081 3479 1164 3531 tuum
1194 3479 1225 3531 te
1252 3474 1297 3530 in·

136 3573 255 3648 genium
281 3568 425 3633 moderat.
469 3569 548 3634 Ace.
577 3572 639 3633 308
668 3571 802 3631 moderat
830 3580 932 3632 metus.
975 3570 1056 3635 Acc.
1081 3572 1120 3634 72
1150 3581 1297 3634 cunctant.

139 3672 200 3734 164
231 3675 330 3751 patria
358 3671 521 3751 populavit
549 3677 633 3734 bona.
682 3670 760 3736 Alia
791 3670 1020 3753 significatione
1050 3671 1127 3737 Pac.
1156 3675 1196 3737 79
1224 3678 1297 3736 mihi

137 3778 265 3854 patriam
281 3774 446 3853 populavit
468 3799 561 3837 meam
585 3777 631 3856 (=
652 3773 763 3855 populi
777 3793 920 3840 amorem
942 3774 1112 3840 conciliare
1135 3795 1196 3839 sec.
1212 3773 1296 3840 Non.

137 3877 187 3955 39,
211 3877 273 3956 31).
317 3874 397 3939 Aac.
423 3877 484 3940 195
506 3877 686 3939 macerarent
707 3880 792 3938 mala.
838 3879 900 3941 353
924 3881 1001 3952 Quid
1022 3887 1052 3939 te
1073 3882 1222 3941 miseraris
1247 3880 1297 3962 (ex

137 3977 237 4060 00111).
276 3980 338 4042 355
361 3983 403 4040 Te
426 3978 667 4041 commiserabam
689 3984 781 4056 magis
809 4003 896 4058 quam
923 3983 1084 4041 miserebar
1110 3984 1175 4042 mei.
1213 3978 1296 4063 (libri

136 4085 319 4160 miserabar).
350 4078 430 4146 Ace.
446 4081 509 4143 265
525 4085 693 4161 partissent.
724 4078 1299 4162 1111011.501001000010-001110001

136 4185 221 4244 bona.
264 4179 415 4248 11101110.
438 4187 518 4264 trag.
546 4183 606 4247 133
630 4182 741 4262 largiri
763 4187 869 4262 fruges.
910 4182 991 4247 Aoo.
1015 4184 1077 4246 282
1101 4188 1177 4263 largi
1200 4183 1296 4267 (Non.
