2872 4770
605 213 820 276 ..60-

222 384 306 447 intas
329 381 449 464 Turpil.
476 384 491 444 1
515 387 595 444 intus
618 386 730 445 cessas?
753 383 803 445 51.
839 381 953 446 Afran.
970 384 1041 446 399.
1058 421 1098 428 —
1115 382 1198 445 altra
1223 378 1294 466 Syr.

135 491 214 552 sent.
240 486 310 548 160.

215 609 309 670 porro
332 587 460 668 proprie
484 586 522 650 de
544 584 616 649 loco
635 584 758 664 dicitur,
781 585 838 649 sed
860 585 956 649 etiam
978 585 1020 649 ad
1041 590 1167 667 tempus
1189 591 1296 650 trans-

135 689 238 754 fertur
269 694 301 753 et
333 689 448 753 dicitur
481 687 577 751 etiam
608 686 647 749 de
679 687 916 752 continuatione
948 687 1090 754 actionis.
1128 686 1293 751 Paean

137 791 186 875 (de
208 794 373 873 tempore).
403 791 474 854 215.
501 790 561 853 1110.
585 789 644 853 ine.
666 794 747 871 trag.
774 791 812 853 79
835 814 923 871 porro
946 799 980 852 ut
1002 795 1112 853 audias.
1159 792 1220 854 103
1245 796 1297 872 qui

136 904 267 956 nostrum
294 917 381 974 porro
408 900 556 974 propagat
582 915 681 970 genus.
725 890 838 956 Afran.
864 893 904 956 74
926 897 1018 955 Ρο110
1041 902 1138 956 autem
1160 917 1296 975 propere.

137 997 208 1059 247.
233 997 295 1059 360
318 1001 419 1057 sinunt
441 999 472 1056 di
495 1005 525 1056 et
546 1018 635 1075 porro
657 1019 792 1076 passuros
814 999 881 1058 scio.
926 993 1043 1059 Labor.
1069 996 1139 1059 125.
1231 1060 1233 1064 .

223 1115 338 1177 obviam
369 1112 449 1177 Acc.
482 1114 554 1176 262.
585 1115 648 1177 436
680 1118 831 1176 obviamst.
889 1112 1003 1195 Pomp.
1034 1112 1115 1180 Bon.
1150 1115 1221 1178 125.
1255 1153 1297 1161 -

137 1216 253 1281 Labor.
278 1219 318 1280 29
341 1240 446 1295 susque
470 1220 562 1295 deque
584 1221 642 1278 fers
663 1247 694 1269 =
715 1215 820 1279 animo
844 1235 946 1297 aequo
970 1238 1011 1280 es

218 1336 330 1416 procul
357 1333 437 1398 Ace.
461 1336 531 1397 675.
571 1333 684 1415 Pomp.
713 1336 731 1397 5
763 1339 903 1398 Rhoeteis
933 1341 1036 1417 procul
1067 1361 1084 1399 a
1115 1341 1203 1399 terris
1236 1341 1296 1400 010.

138 1435 250 1500 Afran.
274 1439 337 1500 200
359 1441 461 1517 procul
485 1460 658 1500 concessero.
691 1438 753 1500 242
777 1441 877 1499 abesse
901 1478 941 1485 —
963 1445 1058 1520 pecul.
1097 1440 1156 1502 401
1183 1463 1298 1520 semper

138 1544 199 1602 sint
220 1544 322 1620 procul
345 1548 445 1601 nostra
467 1543 551 1602 mala.
597 1537 693 1602 Titio.
719 1540 788 1602 124.

225 1657 337 1719 circum
363 1656 443 1720 Ace.
474 1658 549 1736 5713
588 1656 665 1721 Pac.
695 1660 735 1721 80
768 1663 876 1721 circum
907 1684 1060 1741 supraque.
1085 1698 1125 1705 -
1148 1681 1296 1744 nusquam

140 1756 209 1842 Syr.
233 1764 312 1822 sent.
338 1759 407 1822 102.
432 1760 502 1823 533.

213 1877 302 1962 soria
325 1875 438 1941 Afran.
464 1879 532 1941 130.
566 1877 661 1942 Titin.
688 1881 758 1942 146.
789 1878 903 1961 Pomp.
926 1878 1009 1944 Bon.
1033 1880 1083 1943 85.
1118 1879 1214 1963 J'orar
1236 1880 1297 1944 inc.

137 1981 197 2045 inc.
221 1985 302 2061 trag.
329 1982 367 2042 19
392 1979 544 2062 (exenni.
568 1976 730 2061 Gruteri.).
763 1980 860 2063 Turp.
886 1983 956 2045 150.
983 1983 1051 2045 154.
1076 1983 1117 2045 53
1139 1987 1297 2062 Forasque.

139 2081 234 2146 Titio.
260 2083 321 2145 146
344 2087 435 2144 Foras
458 2085 547 2145 exire.
583 2081 696 2164 Pomp.
719 2082 801 2149 Bon.
827 2085 896 2146 142.

225 2222 281 2285 qao
306 2220 374 2264 esse
396 2204 504 2282 potest
527 2205 581 2265 aut
602 2201 863 2284 interrogativum
879 2205 935 2266 aut
948 2201 1116 2266 relativum
1131 2207 1187 2266 aut
1209 2201 1298 2266 inde·

139 2303 271 2367 finitum.
309 2300 385 2366 Pac.
410 2304 472 2366 368
496 2329 552 2383 quo
576 2343 616 2350 —
640 2328 681 2367 eo.
714 2306 776 2368 370
800 2330 856 2385 quo
879 2328 941 2366 sese
964 2309 1099 2385 adplicet.
1136 2303 1216 2367 Aac.
1234 2307 1296 2368 311

140 2430 197 2486 quo
220 2428 344 2468 revoces,
382 2405 444 2468 232
469 2410 531 2480 Quo
554 2430 599 2468 me
622 2410 792 2470 ostendam?
813 2407 873 2470 inc.
896 2405 957 2469 1110.
980 2411 1060 2487 trag.
1087 2407 1126 2469 12
1149 2411 1212 2481 Quo
1234 2431 1298 2470 sese

139 2516 257 2571 vertant
288 2511 346 2570 etc.
396 2506 474 2571 Acc.
506 2512 607 2589 praet.
643 2510 669 2571 7.
709 2507 786 2572 Pac.
822 2510 882 2572 134
914 2533 1046 2588 quonam.
1090 2506 1212 2590 Turpil.
1245 2509 1297 2573 50.

140 2607 235 2671 Titio.
260 2610 300 2671 46
332 2632 368 2670 ne
400 2634 457 2689 quo
489 2614 526 2672 ad
553 2635 653 2673 cenam
681 2615 781 2673 exiret.
827 2613 867 2674 93
895 2635 952 2692 quo
980 2619 1010 2672 te
1032 2614 1188 2674 avertisti?
1235 2612 1296 2674 126

139 2714 183 2773 De
206 2715 273 2772 aedi
295 2735 413 2788 summa,
437 2736 493 2792 quo
517 2718 649 2776 avolavit
669 2719 764 2793 gallus
786 2718 973 2792 gallinaceus.
1011 2712 1123 2776 Afran.
1147 2713 1209 2776 345
1233 2717 1298 2788 Quo

139 2823 172 2875 tu
204 2816 369 2876 conmetas?
411 2812 524 2895 Pomp.
553 2814 634 2878 Bon.
667 2817 726 2878 159
754 2821 910 2878 Hominem
936 2819 1066 2892 beatum,
1099 2839 1156 2895 quo
1184 2819 1235 2894 (=
1255 2814 1299 2879 ad

139 2916 244 2998 quem)
260 2955 301 2962 -
315 2920 511 2997 pervenibunt
534 2921 594 2980 010.
618 2918 667 2979 45.
693 2918 762 2980 126.
803 2916 919 2981 Labor.
944 2919 984 2981 33
1007 2921 1070 2991 Quo
1086 2955 1127 2962 —
1147 2921 1297 2998 progredi.

142 3018 211 3083 100.
236 3019 296 3080 119
312 3022 395 3092 Quo?
424 3016 540 3081 Publil.
565 3015 634 3101 Syr.
660 3020 698 3081 15
715 3023 777 3093 Quo
801 3021 848 3100 (=
870 3039 965 3100 quam
987 3019 1028 3083 ad
1049 3020 1129 3102 rem)
1145 3057 1187 3065 —
1203 3028 1297 3100 optas.

141 3120 200 3182 169
224 3144 280 3200 quc
304 3157 344 3166 —
368 3125 476 3182 eodem.
502 3121 549 3182 11.
574 3116 643 3203 Syr.
667 3126 745 3184 sent.
770 3123 841 3185 415.

225 3243 257 3284 eo
279 3221 360 3284 Ace.
379 3222 448 3284 128.
481 3220 664 3286 71110178.
695 3221 903 3288 Α11011.168.
938 3220 1007 3306 Syr.
1023 3229 1102 3287 sent.
1121 3216 1181 3286 162
1205 3227 1297 3301 (unde

139 3364 179 3371 —
203 3329 258 3404 eo).
282 3363 322 3370 -
1171 3397 1176 3405 ,
1242 3338 1245 3342 “

224 3427 328 3510 qaootc
350 3425 431 3490 Acc.
454 3428 516 3490 599
544 3453 570 3508 q.
598 3432 737 3507 gentium.
784 3424 854 3511 Syr.
878 3432 955 3490 sent.
981 3428 1052 3490 717.
1095 3427 1195 3490 eodem
1217 3425 1294 3489 Pac.

138 3530 179 3592 92
202 3533 303 3590 eodem
325 3533 468 3591 occidunt.
507 3525 576 3611 Syr.
601 3533 678 3592 sent.
705 3531 774 3593 169.

223 3647 281 3708 tac
307 3645 387 3710 Ace.
418 3648 479 3710 123
501 3679 532 3702 --
555 3649 624 3711 124.
652 3649 714 3712 209
742 3653 827 3710 Adde
854 3654 917 3711 huc.
958 3649 1031 3711 289.
1059 3649 1130 3711 077.
1159 3644 1250 3712 Ovid.
1275 3650 1295 3711 2

137 3756 216 3812 10101
241 3749 299 3811 dac
330 3749 418 3812 illac.
466 3747 563 3830 Turp.
594 3752 662 3813 178.
695 3750 808 3814 Afran.
837 3751 876 3813 57
908 3754 964 3812 huc
996 3753 1077 3812 adde.
1125 3751 1194 3813 109.
1224 3751 1294 3813 137.

138 3851 218 3914 Aoo.
242 3852 305 3914 292
327 3857 389 3915 hoc.
414 3892 454 3899 —
477 3849 574 3932 Turp.
599 3854 638 3915 79
666 3852 746 3914 ictuc
769 3856 970 3931 conmigravit.
1015 3850 1110 3914 Titin.
1136 3853 1196 3915 133
1219 3856 1296 3915 abiit

137 3953 571 4038 11010910-91101101οΡ00.
590 3956 659 4018 152.
676 3955 747 4018 226.
770 3955 840 4017 Att.
857 3959 958 4035 praet.
978 3955 1016 4017 12
1032 3978 1153 4034 quocum
1169 3953 1296 4036 scripsit

137 4053 232 4119 Ribb.
256 4076 317 4120 sec.
339 4054 506 4136 Bothium,
535 4056 589 4137 qui
611 4081 761 4136 quorsum;
787 4055 860 4119 libri
888 4080 1017 4136 quorum.
1041 4092 1083 4104 —
1106 4056 1295 4119 deatrorsam

136 4157 217 4221 Acc.
240 4165 340 4239 praet.
365 4160 414 4221 27.
