2872 4770
659 258 874 320 -46-

188 425 294 507 guitas
317 425 471 491 sermonis
494 447 559 491 non
581 426 682 490 vitata
704 432 761 507 est,
783 448 811 490 v.
832 423 963 508 Quintil.
986 424 1064 506 VH,
1088 429 1117 506 9,
1143 429 1203 510 10).
1240 431 1281 492 49
1304 453 1351 491 me

188 552 250 590 esse
278 532 412 590 acerbum
440 532 506 590 sibi.
559 531 597 593 77
625 533 692 591 Non
724 537 769 591 est
794 532 909 607 beatus,
942 553 1003 591 esse
1034 553 1065 592 se
1091 534 1143 609 qui
1168 555 1228 592 non
1254 540 1349 612 putat.

186 628 304 697 Labor.
327 632 369 693 47
393 650 438 711 sq.
461 640 560 693 utrum
582 640 615 693 tu
637 635 714 694 hunc
735 655 837 710 gruem
852 636 1034 694 Balearicum
1051 655 1088 694 an
1102 636 1248 695 hominem
1262 643 1350 714 putas

190 736 282 795 Esse?
319 733 358 796 51
382 736 449 795 Non
470 738 574 814 putavi
596 738 651 796 hoc
674 758 737 796 eam
759 738 911 796 facturum.
949 730 1019 816 Syr.
1043 737 1122 799 8881.
1145 736 1187 798 46
1208 739 1350 798 beneficia

186 839 291 897 donari
312 872 354 882 --
383 840 468 897 818111
498 845 612 916 putant.
662 836 725 900 273
755 860 786 898 88
817 860 931 916 semper
961 840 1092 899 victuros
1122 846 1235 917 putant.
1286 839 1349 900 522

186 960 270 1017 posse
293 973 335 982 -
356 941 420 999 fieri
452 941 529 1000 hunc
555 943 707 1001 inimicum
738 949 832 1019 putes.
877 939 940 1002 674
966 944 1081 1001 nullum
1108 944 1259 1019 putaveris
1287 964 1350 1002 8888

186 1044 282 1100 locum
312 1043 375 1101 sine
405 1048 487 1102 teste.
533 1041 595 1103 744
622 1065 653 1103 se
683 1064 768 1122 posse
798 1046 865 1122 plus
895 1045 989 1103 iratus
1021 1065 1108 1121 quam
1135 1046 1229 1123 possit
1255 1051 1348 1122 putet.

186 1139 269 1206 Pall.
291 1140 351 1205 188.
374 1141 434 1205 188.
451 1143 492 1206 85
515 1152 549 1205 18
570 1167 630 1204 888
651 1146 801 1222 intellegis
824 1151 938 1206 tantum
960 1148 1074 1222 gratiae
1097 1153 1127 1206 te
1149 1148 1264 1205 demere
1287 1147 1348 1207 818.

187 1241 282 1307 Τ11111.
306 1247 347 1308 49
369 1249 500 1307 Nimium
522 1255 552 1308 te
573 1248 755 1326 patrocinari
778 1269 879 1307 censeo
901 1249 1076 1324 benigniter.
1124 1246 1183 1308 119
1206 1250 1349 1324 gaudebit

187 1350 245 1409 sibi
266 1351 401 1428 promitti
417 1384 459 1393 —
481 1371 570 1410 oreas.
602 1344 717 1410 Afran.
741 1349 760 1411 3
783 1351 942 1410 Nescis-
955 1371 1002 1408 188
1025 1371 1139 1408 8188818
1160 1352 1264 1410 melius
1287 1372 1349 1410 rem

188 1453 293 1510 callere
319 1473 406 1529 quam
433 1454 508 1512 volo.
553 1451 594 1513 93
617 1454 722 1513 Vetuit
743 1473 789 1510 me
811 1486 853 1494 —
875 1454 1023 1511 Remeare.
1068 1450 1131 1511 274
1160 1469 1206 1530 sq.
1229 1453 1347 1512 Delibe-

189 1558 286 1612 ratum
309 1560 433 1614 estnon
455 1561 551 1614 tacere
572 1576 618 1613 me
640 1556 779 1632 amplius:
799 1555 936 1631 Amyclas
951 1589 992 1598 -—
1007 1556 1129 1632 periisse
1151 1555 1253 1614 audio.
1285 1553 1348 1616 278

186 1661 216 1714 18
243 1657 381 1733 expediat
407 1658 496 1734 loqui.
541 1655 602 1718 301
627 1657 762 1717 Saeviter
788 1657 864 1716 ferre
889 1658 961 1715 haec
988 1663 1018 1716 te
1041 1657 1147 1715 simula
1175 1663 1205 1716 et
1226 1665 1346 1732 gnatam

186 1793 229 1800 —
250 1758 401 1817 abducere.
434 1756 495 1819 342
511 1761 656 1837 Malleque
678 1780 708 1818 se
730 1780 789 1819 non
811 1760 926 1836 quiesse
949 1759 1033 1818 dixit.
1064 1753 1178 1837 Pomp.
1201 1754 1284 1820 Bon.
1307 1758 1346 1820 91

185 1861 258 1919 Dixi
279 1895 322 1902 -—
347 1862 423 1920 illud
450 1863 589 1920 futurum.
640 1857 723 1923 Nor.
751 1859 793 1921 48
820 1862 904 1919 dixin
931 1862 1041 1919 iturum
1068 1861 1221 1920 hominem.
1274 1855 1345 1940 Syr.

187 1962 265 2022 8881.
290 1960 330 2022 53
353 1964 468 2022 dedisse
490 1983 520 2022 88
542 1964 622 2023 dicit.
653 1958 767 2023 Afran.
784 1961 845 2024 357
862 1964 1052 2041 Voluptatem
1074 1965 1159 2041 capio
1180 1965 1346 2039 maximam,

187 2066 312 2124 cruciari
339 2071 372 2124 tu
402 2072 432 2125 18
460 2066 553 2143 culpa.
597 2064 659 2125 418
682 2067 746 2142 Ego
773 2073 881 2125 memet
906 2067 1028 2125 stultum
1051 2066 1199 2141 existimo,
1232 2067 1347 2125 fatuum

187 2189 249 2227 esse
279 2189 338 2228 non
369 2170 481 2246 opinor.
526 2160 638 2245 Pomp.
661 2161 742 2229 Bon.
772 2166 809 2228 51
843 2188 935 2227 voveo
966 2169 1118 2226 facturum.
1162 2161 1280 2227 Labor.
1307 2167 1346 2229 13

188 2292 273 2348 quem
300 2292 354 2347 ego
381 2292 427 2329 me
449 2306 491 2314 -
514 2271 662 2347 excepisse
688 2272 745 2329 tibi
772 2271 898 2330 narrari.
946 2268 1005 2329 139
1030 2286 1075 2347 sq.
1103 2291 1177 2347 quae
1206 2271 1346 2331 deleritas

185 2373 246 2432 Vos
269 2374 440 2432 subolitoris
467 2373 537 2431 fecit
559 2407 600 2416 ·-
622 2373 798 2432 PuellitariP
841 2366 958 2431 Publil.
982 2364 1051 2450 Syr.
1078 2369 1115 2431 17
1141 2388 1187 2450 sq.
1212 2372 1347 2450 Aequum

186 2480 230 2532 est
251 2476 372 2534 iuduere
393 2480 516 2552 nuptam
537 2480 656 2534 ventum
678 2476 819 2549 textilem,
841 2475 944 2532 Palam
966 2479 1099 2551 prostare
1120 2475 1237 2533 nudam.
1276 2468 1345 2555 Syr.

186 2578 264 2636 8881.
295 2575 354 2638 132
387 2598 474 2655 quam
504 2577 642 2636 miserum
673 2583 718 2637 881
747 2577 812 2636 fieri
842 2578 997 2635 metuendo
1028 2597 1134 2636 senem.
1188 2575 1251 2637 396
1285 2598 1347 2637 esse

185 2680 370 2739 laudabilem.
420 2677 484 2739 466
512 2681 593 2755 cogit
619 2680 683 2738 fieri
710 2679 857 2738 iniuriam.
906 2676 969 2738 536
996 2679 1040 2737 nil
1067 2680 1188 2756 prodest
1215 2681 1288 2738 bene
1317 2687 1346 2738 te

186 2783 333 2842 didicisse.
365 2781 426 2843 665
449 2803 509 2840 888
524 2788 569 2840 881
583 2783 700 2842 bonitas
716 2802 777 2840 esse
791 2782 941 2840 meliorem
955 2782 1090 2858 pessimo
1123 2780 1185 2842 693
1208 2783 1347 2840 miserum

185 2885 293 2943 vivere.
340 2882 398 2944 731
423 2886 529 2962 repelli
557 2904 588 2943 88
609 2885 741 2944 homines
763 2884 880 2943 facilius
902 2905 990 2960 quam
1012 2884 1110 2960 decipi
1132 2885 1237 2943 ferimt.
1284 2883 1346 2944 780

186 2989 257 3046 Esse
279 3006 394 3045 necesse
424 2993 468 3046 est
490 2987 566 3046 vitia
586 2988 708 3046 minima
730 2987 922 3045 maximorum
944 2986 1079 3044 maxima.
1123 2981 1345 3046 1888818188-

185 3085 272 3148 tione
295 3090 327 3148 81
351 3084 357 3097 ’
381 3085 611 3168 terrogatione:
634 3084 695 3147 inc.
718 3084 778 3148 inc.
801 3089 882 3165 trag.
898 3085 958 3146 211
982 3093 1098 3146 tantum
1112 3089 1252 3164 gaudium
1274 3090 1345 3147 cbo·

185 3193 240 3250 riri
267 3211 303 3249 ex
330 3192 459 3249 tumultu
486 3193 627 3250 maximo!
672 3185 782 3251 Afran.
809 3188 847 3250 13
875 3197 905 3249 te
926 3190 1072 3248 blaterare
1095 3195 1183 3267 atque
1206 3191 1346 3268 obloqui?

186 3291 227 3353 52
250 3310 318 3371 sqq.
350 3294 545 3353 adulescentis
575 3299 709 3370 optumas
731 3293 812 3351 Bene
839 3293 1055 3365 convenientes,
1086 3293 1161 3350 bene
1189 3294 1346 3351 concordes

185 3417 249 3454 cum
270 3397 344 3456 viris
365 3397 498 3474 Repente
519 3397 623 3456 viduas
646 3397 746 3454 factas.

271 3496 321 3557 48.
353 3493 552 3558 Gerundium
568 3498 600 3557 et
614 3492 830 3576 gerundivum.
862 3488 1084 3555 Nominativus
1101 3489 1245 3572 gerundii
1266 3489 1344 3554 Pac.

184 3598 248 3661 235
275 3602 500 3676 regrediundum
532 3606 583 3659 est.
629 3597 691 3659 378
719 3597 969 3656 manticulandum
997 3602 1041 3654 est
1067 3597 1148 3655 mihi.
1196 3591 1277 3656 Α88.
1304 3593 1344 3656 77

184 3704 241 3762 tibi
264 3704 373 3762 cautim
395 3709 440 3763 881
462 3703 626 3762 adeundum
641 3703 679 3760 ad
693 3702 797 3761 virum.
830 3697 889 3759 541
908 3699 1017 3758 Contra
1032 3704 1076 3757 est
1094 3699 1220 3757 eundum
1235 3699 1346 3756 cautim

184 3811 215 3864 et
237 3806 414 3883 captandum
436 3805 517 3864 mihi.
562 3798 657 3864 Titin.
682 3801 721 3863 56
745 3803 830 3862 nobis
852 3802 1021 3860 faciundum
1043 3807 1087 3860 est
1109 3802 1153 3860 ita
1176 3800 1236 3860 818.
1284 3797 1346 3859 170

184 3908 210 3966 81
233 3908 290 3965 8111
316 3908 374 3966 tibi
397 3907 588 3966 Cantandum.
622 3899 691 3986 Syr.
715 3904 793 3966 8881.
812 3901 873 3963 758
896 3904 1064 3962 discendum
1087 3908 1138 3962 est.
1172 3895 1344 3961 Cumaea.

185 4003 303 4070 obiecti
317 4005 518 4070 coniunctum
532 4005 612 4069 Ace.
632 4007 701 4068 114.
728 4001 842 4066 Afran.
859 4003 899 4065 99
916 4005 1083 4083 Optandum
1097 4025 1225 4063 uxorem.
1248 3997 1345 4075 Nom,

184 4106 349 4190 gerundivi
365 4103 434 4191 Syr.
458 4112 536 4171 8881.
556 4109 619 4171 680
642 4110 736 4169 omnis
759 4110 821 4168 dies
843 4109 925 4168 velut
946 4108 1066 4167 ultimus
1090 4107 1269 4165 ordinandus
1292 4113 1344 4165 est.

184 4208 395 4274 Accusativus
425 4209 502 4274 Pac.
532 4210 593 4273 192
624 4211 885 4290 paedagogandum
916 4211 1031 4287 accipit.
1081 4204 1237 4287 Pompon.
1259 4203 1344 4271 Bon.
