2872 4770
608 236 823 298 -57-

134 413 251 471 tristem
278 408 404 468 serium?
448 405 511 467 304
534 407 663 467 Offendit
690 410 780 486 fregit
807 411 918 487 rumpit
944 411 999 471 icit
1020 414 1132 489 poculo.
1177 409 1293 475 Imber.

136 512 179 575 28
201 514 247 573 bis
269 517 323 570 ter.

223 609 388 674 Attractio
420 608 620 688 substantivi,
653 607 738 689 quod
768 609 896 691 proprie
928 609 969 674 ad
1000 631 1047 676 en.
1075 613 1294 678 secundariam

136 714 289 798 pertinet,
320 712 353 775 in
376 731 424 774 en.
446 710 645 792 primariam:
668 709 747 774 Ace.
774 713 811 775 19
839 734 924 796 quem
951 718 1007 777 scis
1029 720 1111 795 quali
1132 720 1164 778 in
1185 725 1216 778 te
1238 722 1295 780 siet

137 821 308 880 Fidelitate.

226 916 338 983 Oratio
364 918 455 979 recta
479 935 538 997 pro
566 913 709 996 obliqua:
737 913 819 978 Pall.
847 914 907 979 inc.
929 916 989 980 110.
1014 920 1054 982 53
1082 944 1177 981 nonne
1207 929 1295 1001 putas

137 1027 181 1085 sio
203 1023 332 1083 diceret?
375 1017 488 1098 Pomp.
511 1015 592 1081 Bon.
624 1019 685 1081 106
708 1021 909 1096 suffragabunt
930 1029 1009 1099 post,
1037 1025 1104 1083 scio.
1149 1019 1229 1086 Nov.
1254 1024 1292 1086 61

138 1148 224 1205 spero
246 1147 308 1185 rem
329 1125 425 1184 faciet.
470 1121 511 1183 98
534 1124 706 1183 facilitatem
727 1124 813 1182 video
835 1125 928 1182 uteris
950 1127 1123 1201 vulgariam.

224 1227 273 1289 55.
315 1223 363 1289 Ut
388 1222 452 1286 iam
479 1222 520 1286 ad
549 1221 783 1286 enuntiationes
810 1221 1053 1304 interrogativas
1079 1247 1138 1291 nos
1166 1246 1296 1290 conver·

137 1334 256 1407 tamus,
293 1326 431 1409 primum
461 1323 553 1390 nobis
585 1324 778 1406 spectandae
810 1329 903 1388 erunt
932 1326 1198 1409 interrogationes
1229 1329 1297 1393 sine

137 1428 296 1512 particula
325 1426 583 1509 interrogationis
613 1426 745 1507 positae.
799 1426 879 1490 Acc.
910 1428 958 1491 18.
986 1429 1036 1492 51.
1065 1432 1127 1493 366
1151 1451 1195 1512 sq.
1225 1433 1295 1494 624.

139 1529 264 1597 Ovidl
287 1536 411 1612 perdere
433 1555 470 1593 an
492 1534 609 1611 possim,
632 1532 739 1607 rogas?
769 1529 828 1593 inc.
844 1528 903 1593 inc.
918 1535 999 1612 trag.
1016 1532 1065 1594 84.
1084 1534 1152 1595 151.
1175 1532 1296 1614 Turpil.

141 1635 156 1697 l
181 1638 261 1695 intus
284 1636 399 1695 cessas?
432 1632 468 1694 ll
487 1640 693 1695 testamentum
709 1655 777 1710 ergo
793 1635 921 1694 celabis?
952 1633 993 1696 25
1009 1637 1108 1695 Etiam
1121 1658 1168 1696 me
1182 1639 1296 1713 irrides

137 1740 263 1818 pessime
289 1759 323 1797 ae
349 1737 522 1798 sacerrime?
567 1734 607 1797 92
630 1737 728 1794 Habet
754 1743 906 1813 potestam.
930 1773 971 1780 —
994 1739 1073 1797 Ubi?
1099 1741 1296 1817 potestatem?

141 1839 202 1901 153
224 1841 288 1916 Ego
310 1841 497 1917 praestolabo
519 1840 565 1897 illi
581 1839 708 1897 oscitans
731 1845 799 1897 ante
814 1840 943 1898 ostium?
975 1838 1037 1900 212
1053 1841 1139 1901 Cesso
1156 1864 1297 1920 occupare

139 1944 200 2003 etc.
231 1937 325 2002 Titin.
342 1941 383 2003 93
398 1942 456 2000 mei
479 1942 602 2015 fastidis,
625 1942 708 2000 Meae
724 1942 867 2000 deliciae?
904 1937 1076 2003 Α11111113
1098 1950 1129 2003 te
1150 1947 1297 2004 blaterare

61 2028 64 2033 Ι
138 2052 227 2123 atque
249 2045 390 2122 obloqui?
422 2042 462 2104 69
485 2059 531 2120 sq.
554 2043 768 2103 nudiustertius
783 2046 860 2103 Tute
883 2044 1048 2103 advenisti?
1081 2043 1141 2105 133
1156 2047 1298 2104 Meretrix

138 2169 205 2206 cum
226 2153 308 2209 veste
329 2146 437 2222 longa?
468 2143 531 2206 206
546 2147 593 2204 Me
615 2147 774 2222 obsequere
789 2146 901 2206 amori?
933 2144 995 2206 232
1012 2147 1202 2207 Contemnes?
1234 2147 1296 2208 377

137 2250 285 2308 Excludat
307 2271 382 2308 uxor
404 2284 445 2292 —
467 2248 583 2308 virum?
627 2245 690 2307 424
718 2248 817 2307 Etiam
844 2249 1000 2326 quicquam
1030 2250 1139 2325 egisti?
1183 2245 1296 2328 Pomp.

139 2347 220 2412 Bon.
243 2349 284 2412 43
309 2352 431 2411 Possum
457 2371 578 2409 exorare
604 2356 634 2408 te
657 2348 723 2410 —?
768 2347 809 2409 84
831 2351 895 2425 Ego
924 2352 1006 2409 illam
1033 2373 1093 2411 non
1119 2353 1297 2430 amplectar?

139 2475 193 2530 ego
216 2475 275 2514 non
296 2453 426 2513 saviem?
459 2450 499 2512 98
521 2453 605 2511 Nunc
626 2472 713 2527 rogas
736 2453 808 2528 quid
829 2453 900 2511 fiat?
935 2451 994 2513 157
1017 2455 1118 2513 Iamne
1140 2455 1297 2514 abierunt?

138 2559 198 2615 iam
228 2577 287 2615 non
317 2555 465 2614 tundunt?
496 2555 591 2613 iamne
623 2574 676 2628 ego
707 2575 770 2613 sum
801 2555 833 2612 in
863 2560 928 2614 tuto
960 2557 1053 2615 satis?
1099 2555 1158 2617 177
1187 2558 1227 2616 Et
1257 2557 1298 2615 eis

139 2659 267 2717 obiectes
291 2658 350 2718 ete.
394 2652 474 2717 Nov.
498 2655 540 2716 20
563 2673 608 2734 sq.
630 2651 749 2718 Laber.
773 2655 813 2717 63
835 2657 916 2716 Duas
944 2658 1068 2716 uxores?
1112 2653 1203 2718 Publ.
1228 2652 1297 2737 Syr.

142 2758 190 2821 17.
214 2753 288 2840 Syri
304 2761 382 2819 sent.
399 2755 462 2819 608
477 2759 632 2836 imperium
654 2759 761 2818 habere
783 2760 828 2819 vis
849 2759 1005 2834 magnum?
1037 2757 1098 2819 697
1121 2766 1218 2838 potest
1240 2781 1298 2819 non

140 2884 201 2922 esse
215 2864 368 2921 honestum
383 2862 462 2938 quod
483 2881 542 2918 non
564 2862 690 2919 liberum
712 2862 775 2922 est?
812 2857 889 2921 Ace.
907 2859 969 2922 608
991 2862 1058 2920 Non
1079 2862 1182 2920 vides?
1213 2857 1296 2922 Pall.

141 2961 202 3024 1110.
224 2960 283 3024 inc.
307 2961 348 3024 85
372 2963 463 3040 quid?
485 2969 519 3021 tu
541 2984 600 3021 non
621 2964 771 3040 intellegis
794 2966 853 3025 etc.
884 2960 999 3024 Afran.
1015 2961 1056 3023 98
1078 2965 1145 3024 1101
1167 2965 1297 3023 audisti?

141 3064 203 3127 253
226 3087 284 3124 101
307 3086 361 3142 ego
383 3071 413 3124 te
435 3066 505 3125 novi
526 3066 642 3125 tristem
664 3065 791 3125 serium?
823 3065 884 3127 347
908 3067 974 3125 Non
996 3067 1129 3125 dolorum
1151 3067 1297 3144 partionis

140 3168 240 3227 veniet
266 3169 298 3226 in
323 3174 450 3228 mentem
476 3168 533 3226 tibi
556 3167 615 3227 etc.
659 3163 725 3228 Pro
754 3163 969 3229 enuntiatione
998 3164 1204 3230 conditionali
1227 3161 1296 3248 Syr.

141 3270 220 3330 sent.
243 3267 305 3329 536
329 3271 462 3330 omnibus
484 3270 529 3328 vis
552 3289 613 3327 esse
634 3269 741 3329 notus?

227 3369 276 3432 56.
308 3390 347 3432 ce
361 3367 572 3432 dubitativum
585 3366 663 3431 Pac.
682 3368 724 3430 34
739 3372 819 3428 11110
835 3372 872 3430 ad
887 3378 916 3430 te
932 3374 967 3430 de
989 3372 1100 3431 iudicio
1116 3393 1227 3432 armum
1249 3393 1295 3431 ae·

140 3475 231 3534 cidit?
278 3471 338 3534 119
366 3475 472 3532 Hicine
499 3475 524 3533 is
553 3479 597 3532 est
624 3474 683 3533 etc.
729 3471 790 3533 318
816 3474 938 3532 Nihilne
960 3510 1001 3517 —
1029 3475 1172 3552 adportet.
1216 3469 1295 3534 Ace.

140 3575 181 3637 96
203 3577 351 3636 Hocinest.
392 3574 433 3635 98
457 3575 549 3634 Satin.
591 3574 651 3635 231
676 3577 777 3651 Egone
799 3576 944 3652 Argivum
966 3577 1121 3654 imperium
1143 3577 1295 3652 attingam.

141 3676 202 3738 303
225 3679 323 3738 Viden
343 3704 374 3728 =
399 3672 480 3737 Pall.
509 3673 569 3737 inc.
596 3673 657 3737 inc.
687 3677 727 3738 62
748 3707 779 3728 --
801 3674 913 3740 Afran.
938 3677 976 3737 91
1000 3707 1031 3730 =
1058 3676 1129 3738 322.
1153 3713 1194 3721 -
1215 3674 1296 3738 Aac.

139 3777 211 3840 417.
228 3778 290 3841 427
306 3782 408 3855 Egone
423 3781 481 3839 etc.
511 3779 573 3841 433
591 3781 705 3839 Credin.
737 3779 799 3841 475
817 3781 902 3840 Satin
917 3787 983 3840 astu
998 3788 1027 3840 et
1042 3781 1171 3839 fallendo
1187 3777 1296 3840 callet?

141 3879 286 3941 491Τ1111
309 3884 388 3960 quod
408 3888 541 3960 superest
556 3883 666 3942 socium
681 3883 775 3941 mittis
798 3883 878 3942 leto?
901 3903 938 3942 an
959 3884 1032 3941 lucti
1047 3882 1198 3959 paenitet?
1227 3877 1295 3941 1110.

138 3980 199 4045 ine.
230 3984 312 4062 trag.
337 3983 377 4044 93
409 3986 515 4043 Hicine
546 3986 598 4043 ille
629 3991 681 4043 est.
733 3982 793 4044 193
822 3985 1011 4043 Meministin.
1060 3981 1122 4043 245
1154 3985 1235 4042 nilne
1266 3990 1296 4043 te

138 4087 252 4144 Horum
274 4087 416 4162 fortunae,
438 4088 482 4144 nil
504 4087 728 4146 commiserescit
750 4087 851 4145 meae?
883 4081 1004 4164 Turpil.
1027 4083 1068 4145 88
1092 4085 1201 4145 Satine.
1235 4084 1295 4146 102

138 4189 236 4247 Viden
266 4194 299 4248 tu
328 4223 369 4230 —
395 4189 558 4249 incessum?
605 4187 665 4249 104
696 4189 785 4248 viden
815 4194 849 4247 ut
880 4189 1029 4247 osculatur
1060 4187 1188 4247 cariem?
1235 4185 1294 4248 117
