2872 4770
613 242 827 303 -41-

138 415 229 490 loqui.
260 412 300 473 59
323 415 445 473 Prorsus
468 434 591 490 aequum
613 420 657 472 est
678 420 786 491 petere.
818 412 859 474 62
874 415 1076 491 Numquamne
1097 415 1171 473 mihi
1194 416 1297 474 licebit

140 551 181 559 —
204 515 319 575 dicere?
355 509 425 596 Syr.
449 516 527 577 sent.
551 513 612 575 551
641 517 765 574 amicum
792 517 907 576 laedere
929 537 965 575 ne
988 518 1051 577 ioco
1074 517 1191 594 quidem
1218 518 1296 576 licet.

139 613 252 679 Afran.
277 616 337 678 397
355 619 439 690 Quod
460 619 500 677 sit
521 639 669 677 necessum
692 619 774 678 scire.
812 611 881 698 Syr.
905 621 984 680 sent.
1000 616 1063 679 296
1085 620 1160 678 mori
1181 639 1297 678 necesse

140 727 192 779 est.
225 716 338 798 Pomp‘.
362 715 442 781 Bon.
465 718 507 780 46
529 741 588 778 non
609 720 727 780 vilicari
749 713 800 780 sed
821 722 967 781 dominari
989 728 1033 781 θεῖ
1054 743 1120 782 mea
1142 723 1296 782 sententia.

139 817 247 882 haber
272 820 333 882 114
360 830 424 883 erat
450 823 568 882 libitum
590 855 632 864 -
655 823 798 898 frangere.
844 817 917 903 Syll
944 825 1023 884 sent.
1052 822 1093 884 49
1125 825 1297 884 beneficium

140 926 271 1003 accipere
294 926 460 984 libertatem
487 931 533 984 θεῖ
553 925 687 983 vendere.
733 923 773 984 60
795 926 842 984 bis
864 932 909 984 est
929 927 1004 984 mori
1027 927 1149 985 alterius
1171 927 1296 986 arbitrio

139 1029 222 1086 mori.
275 1025 335 1086 142
363 1028 497 1086 oblivisci
525 1060 567 1069 —
594 1027 719 1104 expedit.
769 1024 832 1087 295
859 1029 997 1088 miserum
1025 1035 1069 1088 est
1098 1034 1196 1088 tacere
1223 1029 1296 1104 cogi.

143 1127 206 1189 320
227 1131 271 1188 nil
293 1150 380 1206 agere
406 1150 520 1206 semper
547 1129 660 1187 infelici
687 1135 732 1187 est
754 1131 905 1206 optimum.
950 1127 1012 1190 332
1035 1150 1139 1189 1100010
1160 1151 1246 1208 posse
1268 1136 1298 1189 θῖ

139 1233 218 1291 nolle
245 1234 308 1291 laus
336 1232 517 1310 amplissima
543 1237 596 1290 est.
646 1229 708 1291 356
736 1253 840 1309 parere
866 1229 943 1291 scire
970 1254 1025 1310 par
1052 1233 1176 1310 imperio
1202 1233 1298 1308 gloria

139 1340 190 1393 est.
237 1337 298 1394 360
321 1354 480 1411 paucorum
502 1339 546 1392 θεῖ
569 1335 741 1417 intellegere
763 1336 835 1411 quid
856 1336 931 1393 celet
953 1336 1031 1394 deus.
1069 1332 1131 1395 369
1154 1336 1297 1412 pereundi

139 1438 213 1495 scire
235 1442 349 1514 tempus
372 1437 487 1495 assidue
510 1442 554 1496 est
575 1438 658 1496 mori.
690 1433 752 1496 370
774 1439 930 1514 perfugere
953 1438 991 1496 ad
1012 1438 1181 1496 inferiorem
1199 1458 1229 1496 se
1252 1438 1298 1515 ip·

139 1560 203 1597 sum
233 1544 278 1598 θεῖ
308 1539 433 1598 tradere.
478 1536 541 1599 378
569 1540 685 1616 potenti
712 1540 800 1598 irasci
828 1540 886 1598 sibi
913 1540 1055 1617 periclum
1083 1545 1127 1598 θεῖ
1149 1561 1296 1617 quaerere.

140 1639 202 1700 380
224 1647 291 1719 post
312 1642 413 1701 fecisse
429 1648 474 1701 θεῖ
495 1642 609 1700 fallere.
638 1639 700 1701 366
723 1661 881 1720 properare
903 1642 935 1699 in
956 1642 1114 1702 iudicando
1130 1647 1174 1700 θεῖ
1190 1643 1298 1701 crimen

139 1764 285 1820 quaerere.
317 1741 377 1805 401
403 1765 490 1821 quam
510 1745 648 1803 miserum
670 1749 714 1802 θεῖ
736 1741 801 1820 copi
824 1745 996 1821 opprimere.
1027 1741 1091 1804 435
1113 1746 1238 1804 εῖ111ῖο111
1254 1751 1299 1804 θεῖ

138 1866 264 1922 parcere.
302 1842 365 1905 475
389 1827 519 1905 stultitia
541 1851 585 1904 θεῖ
607 1846 752 1904 insectari.
784 1842 846 1906 477
870 1848 993 1905 stultum
1016 1853 1060 1906 θεῖ
1082 1849 1165 1926 queri
1188 1849 1224 1906 de
1246 1848 1295 1907 ad·

138 1948 238 2007 versis.
269 1944 333 2006 478
355 1948 479 2005 stultum
493 1953 537 2006 θεῖ
551 1948 680 2008 vicinum
696 1949 773 2008 velle
794 1949 898 2007 ulcisci
919 1949 1063 2008 incendio.
1097 1947 1161 2009 480
1175 1950 1296 2008 suadere

137 2051 272 2127 primum,
295 2050 363 2108 dein
386 2050 532 2125 corrigere
554 2056 599 2109 est
619 2050 763 2111 benevoli.
808 2048 870 2110 505
892 2050 1022 2109 Difficile
1045 2057 1089 2109 θεῖ
1111 2052 1208 2110 dolori
1229 2072 1295 2110 con·

137 2153 237 2212 venire
259 2173 323 2211 cum
346 2153 499 2229 sapientia.
544 2150 606 2212 509
629 2153 767 2212 Feminae
788 2159 924 2212 naturam
951 2173 1052 2229 regere
1075 2154 1230 2231 desperare
1252 2160 1297 2214 θεῖ

138 2256 237 2314 otium.
283 2252 344 2315 521
368 2255 488 2314 irritare
515 2260 559 2314 θεῖ
587 2257 785 2315 calamitatem
807 2251 872 2335 (inf.
895 2251 1093 2335 praedicati).
1138 2253 1201 2316 552
1224 2258 1295 2316 ami-

138 2378 203 2415 cum
233 2358 356 2434 perdere
386 2363 432 2416 θεῖ
466 2358 637 2417 damnorum
673 2359 839 2417 maximum.
892 2355 956 2418 574
993 2359 1139 2418 contemni
1176 2360 1295 2434 gravius

138 2460 264 2536 sapienti
291 2465 336 2518 θεῖ
363 2480 450 2536 quam
476 2462 597 2537 percuti.
647 2459 709 2521 598
738 2461 905 2520 Gloriosum
931 2467 976 2520 est
1002 2463 1078 2521 iram
1104 2461 1192 2520 amici
1224 2463 1295 2521 ami·

138 2563 239 2620 citiam
265 2562 343 2620 dare.
389 2558 449 2621 607
473 2563 624 2638 ignoscere
645 2564 795 2622 hominum
823 2568 875 2622 θεῖ.
921 2561 979 2623 611
1006 2564 1115 2622 infirmi
1136 2565 1228 2622 animi
1251 2569 1296 2624 θεῖ

137 2684 197 2721 11011
218 2673 302 2741 posse
325 2664 446 2723 divitias
468 2666 540 2741 pati.
574 2662 635 2725 692
650 2667 717 2743 plus
733 2671 777 2724 est
798 2687 886 2742 quam
901 2686 995 2744 poena
1016 2666 1144 2724 iniuriae
1166 2686 1294 2725 succum·

136 2766 213 2824 bere.
259 2763 318 2827 701
342 2767 496 2844 pulchrum
518 2772 562 2826 θεῖ
588 2773 738 2845 praestare
760 2772 875 2842 cuncta,
904 2768 948 2825 nil
970 2769 1094 2843 exigere.
1140 2765 1201 2828 712
1225 2769 1297 2845 quid

138 2874 182 2927 est
207 2869 380 2927 beneficium
408 2869 499 2928 dare?
529 2869 642 2929 imitari
669 2871 761 2930 deum.
813 2867 875 2930 726
902 2871 982 2946 quod
1008 2871 1103 2929 facere
1130 2876 1217 2948 turpe
1244 2876 1294 2929 θεῖ.

140 2968 199 3031 727
223 2972 302 3048 quod
316 2972 436 3044 nescias,
459 2972 597 3031 damnare
612 2993 724 3031 summa
739 2978 783 3032 est
804 2973 962 3032 temeritas.
996 2970 1057 3032 738
1080 2975 1295 3033 sanctissimum

139 3080 183 3132 est
203 3075 370 3134 meminisse
392 3075 439 3133 cui
461 3080 491 3132 te
514 3075 627 3135 debeas.
673 3073 735 3135 745
763 3095 827 3134 sero
850 3081 895 3134 est
921 3076 953 3133 in
980 3076 1120 3153 periculis
1143 3076 1296 3134 consilium

138 3195 284 3252 quaerere.
330 3173 391 3236 747
415 3178 554 3235 solacium
581 3179 692 3253 grande
719 3183 763 3236 θεῖ
790 3197 854 3238 oum
875 3178 1011 3237 universo
1033 3199 1091 3236 uno
1113 3179 1187 3256 rapi.
1233 3175 1293 3238 751

139 3279 262 3336 stultum
284 3284 328 3337 est
350 3280 441 3338 alium
465 3280 540 3339 velle
562 3281 665 3339 ulcisci
686 3301 780 3357 poena
802 3301 862 3340 sua.
896 3277 957 3340 752
980 3280 1104 3339 stultum
1119 3286 1163 3339 est
1183 3281 1295 3353 timere,

138 3381 216 3456 quod
238 3366 328 3440 vitari
350 3402 409 3440 non
431 3386 536 3460 potest.
584 3371 644 3442 753
672 3383 795 3441 stultum
821 3383 967 3460 imperare
988 3383 1118 3458 reliquis.
1165 3378 1224 3441 761
1249 3387 1295 3440 tu·

136 3483 283 3541 tissimum
311 3489 355 3542 est
384 3485 488 3542 timere
516 3485 559 3543 nil
582 3491 700 3562 praeter
721 3485 814 3543 deum.
860 3481 920 3544 771
945 3485 1003 3544 viri
1025 3483 1096 3542 boni
1119 3488 1163 3541 est
1184 3484 1296 3542 nescire

137 3585 233 3641 facere
254 3585 401 3644 iniuriam.
447 3584 507 3646 781
532 3592 576 3646 θεῖ
597 3587 770 3645 beneficium
793 3607 827 3645 eo
850 3607 948 3646 carere
970 3588 1049 3664 quod
1070 3587 1180 3645 invitus
1202 3587 1295 3663 possi·

137 3686 213 3744 deas.
259 3684 320 3746 783
344 3709 430 3764 quam
447 3690 586 3747 miserum
608 3695 653 3748 est
675 3686 789 3749 discere
811 3691 928 3750 servire.
967 3687 1029 3750 798
1051 3689 1230 3766 principium
1253 3694 1297 3747 est

137 3789 302 3848 discordiae
324 3810 360 3848 ex
382 3791 526 3850 communi
548 3791 644 3849 facere
665 3793 824 3869 proprium.
869 3789 933 3852 804
959 3812 1006 3850 res
1029 3793 1141 3868 optima
1165 3795 1210 3848 est
1237 3810 1296 3849 non

137 3890 286 3968 extirpare
308 3893 477 3967 sceleratos,
506 3894 557 3952 sed
579 3894 695 3953 scelera.
740 3891 803 3954 805
826 3895 984 3952 ridiculum
1006 3899 1050 3951 θεῖ
1073 3893 1141 3951 odio
1163 3894 1296 3952 nocentis

136 3994 258 4070 perdere
284 3996 489 4055 innocentiam.
534 3993 596 4056 815
625 3997 711 4073 culpa
739 3997 855 4072 effugiri
877 3997 957 4073 potis
980 4003 1032 4055 est.
1077 3992 1139 4054 825
1163 3996 1297 4054 durumst

136 4116 251 4172 negare.
300 4095 362 4159 826
389 4100 445 4157 Εεῖ
467 4132 508 4142 -
536 4099 705 4174 ignorantia
731 4099 842 4157 nescire
871 4098 949 4174 quod
975 4118 1082 4175 pecces.
1127 4095 1204 4173 830,
1232 4095 1295 4156 842

137 4199 209 4257 satis
231 4205 276 4258 est
298 4221 435 4277 superare
457 4201 615 4275 inimicum,
638 4202 790 4260 nimiumst
812 4201 940 4274 perdere.
972 4198 1044 4260 845.
1068 4197 1139 4259 846.
