2872 4770
618 190 831 253 -38,

230 617 281 680 43.
321 612 356 679 Si
377 615 441 678 iam
464 611 666 678 adnationes
688 613 864 694 praedicati
887 615 1077 696 spectandas
1091 636 1149 680 nos
1172 637 1303 681 eonver-

143 719 250 798 timus,
275 738 409 799 quarum
424 714 608 798 potissimae
624 721 697 778 sunt
712 715 843 780 verbum
859 722 892 780 et
906 717 1105 798 adieetivum,
1129 718 1192 784 duo
1208 723 1306 784 antea

144 819 423 886 commemoranda
450 823 555 898 erunt,
584 815 703 899 ellipsis
730 817 819 882 verbi
846 819 1035 884 substantivi
1058 820 1214 905 (copulae)
1243 844 1306 886 ease

145 928 177 986 et
207 919 392 986 adverbium
422 919 494 985 1666
524 919 702 1001 praedicati
729 928 925 1003 usurpatum.
969 923 1044 985 aaa
1074 923 1226 988 omissum
1256 930 1306 988 est

145 1024 266 1089 Turbil.
285 1025 343 1086 141
368 1028 413 1086 ita
434 1032 615 1087 conventum.
646 1020 728 1086 Nou.
744 1025 785 1087 45
801 1044 847 1105 sq.
863 1029 987 1106 pecunia
1003 1029 1098 1100 Quid?
1132 1023 1201 1109 Syr.
1225 1031 1304 1090 sent.

145 1130 218 1193 544.
235 1128 297 1191 753
320 1130 451 1188 stultum.
485 1125 546 1188 756
569 1135 703 1206 suspecta
725 1150 838 1207 semper
853 1136 1023 1191 ornamenta
1038 1132 1208 1192 ementibus.
1242 1129 1303 1192 775

144 1237 244 1294 ulcera
271 1233 362 1293 animi
389 1232 519 1291 sananda
540 1232 634 1307 magis
662 1253 749 1308 quam
777 1234 915 1310 66196118.
958 1228 1157 1295 Aduerbium
1179 1231 1304 1312 praedi·

146 1333 211 1398 cati
225 1333 297 1397 vice
319 1329 460 1413 fungitur
474 1328 554 1396 Ace.
573 1330 634 1393 120
648 1335 753 1394 horum
775 1331 912 1415 aequiter
926 1338 1089 1396 sententiae
1103 1339 1205 1396 Fuere.
1236 1331 1304 1397 Ine.

145 1437 206 1503 1116.
233 1440 314 1517 trag.
342 1434 382 1496 92
414 1437 589 1513 ubicumque
618 1443 662 1496 est
691 1433 773 1496 bene.
824 1432 901 1498 Pac.
931 1435 991 1498 153
1019 1440 1082 1499 Ista
1109 1441 1132 1499 si
1163 1435 1209 1498 aa
1237 1446 1306 1499 sunt

146 1543 306 1621 promerita
328 1545 432 1600 vestra.
475 1533 590 1598 Afran.
613 1536 676 1599 406
704 1536 829 1599 nonita
853 1546 904 1599 est.
947 1535 1061 1619 Pomp.
1084 1536 1166 1603 Bon.
1190 1539 1231 1602 36
1255 1538 1308 1600 Ira

149 1647 196 1704 sit.
227 1639 304 1704 Pac.
320 1640 383 1703 248
399 1638 527 1700 Pariter
549 1647 579 1700 te
601 1661 664 1700 esse
686 1662 756 1717 erga
777 1644 863 1701 illum
884 1643 979 1717 vides,
1001 1645 1037 1702 ut
1058 1645 1143 1702 illum
1165 1645 1216 1702 ted
1238 1665 1308 1720 erga

146 1749 214 1806 scio.
259 1743 321 1806 277
352 1741 467 1803 Parum
495 1749 546 1802 est.
589 1738 669 1804 Aac.
694 1742 756 1804 262
785 1761 831 1823 sq.
860 1746 977 1805 obviam
1004 1747 1120 1806 Fuerat.
1165 1744 1228 1806 436
1257 1743 1307 1804 ob-

147 1845 269 1908 616616.
313 1841 427 1907 Afran.
451 1842 513 1905 276
542 1842 619 1904 satia
647 1852 691 1905 est
718 1874 749 1898 =
779 1842 1026 1908 Ρ6]1.1116.1116.
1051 1846 1090 1908 79
1120 1875 1151 1900 =
1182 1846 1243 1908 100
1271 1875 1302 1899 =

146 1944 217 2030 Syr.
246 1950 325 2010 sent.
355 1946 426 2009 677.
477 1943 518 2008 ib.
545 1945 609 2009 443
641 1950 721 2026 quod
752 1946 829 2008 sutis
856 1955 908 2009 est.
958 1945 1080 2028 Turpil.
1112 1949 1173 2010 144
1201 1951 1308 2028 quibus

146 2054 264 2132 quidvis
292 2055 340 2111 sat
368 2056 420 2110 est.
464 2045 561 2110 'sitim
586 2048 626 2110 38
652 2047 735 2110 Satis
763 2072 832 2110 esse.
876 2047 989 2113 Afran.
1013 2052 1073 2113 401
1105 2055 1165 2112 sint
1188 2050 1308 2130 procul.

145 2150 263 2216 Labor.
288 2152 328 2214 76
351 2150 424 2213 bene
446 2174 516 2213 esse.
547 2148 660 2214 Afran.
686 2152 726 2215 78
750 2151 822 2213 bene
845 2161 896 2213 est.
923 2140 967 2215 '21
992 2157 1153 2233 meliusque
1176 2161 1220 2215 est
1242 2154 1308 2213 tibi.

149 2251 217 2338 Syr.
242 2258 321 2318 sent.
345 2254 407 2316 699
424 2273 522 2334 prope
544 2262 589 2315 est
616 2283 648 2307 =
677 2254 748 2316 700.
793 2252 907 2335 Pomp.
929 2253 1012 2321 Bon.
1035 2256 1075 2318 65
1100 2253 1172 2316 Sero
1200 2263 1245 2316 est
1272 2283 1304 2306 =

146 2355 212 2440 Syr.
237 2360 318 2418 sent.
343 2355 413 2419 745.
458 2352 570 2417 Afran.
595 2356 635 2418 92
658 2355 703 2417 sir
726 2365 770 2418 est
792 2364 899 2419 orator.
946 2353 1015 2440 Syr.
1039 2362 1116 2422 sent.
1140 2358 1203 2420 803
1225 2361 1310 2445 peius

146 2468 198 2522 est.
217 2538 228 2556 ι
244 2455 366 2538 Τ111Ῥ11.
391 2459 452 2521 105
475 2481 562 2538 quam
586 2457 673 2537 leupo
696 2466 747 2520 est.

586 2677 746 2747 Syntaxis
769 2679 873 2733 verbi.

233 2799 284 2862 44.
317 2795 446 2862 Genera
460 2796 556 2862 verbi.
588 2795 691 2863 Verbi
705 2797 843 2860 adsentio
866 2804 992 2862 tantum
1006 2798 1111 2863 activa
1132 2797 1236 2863 forma
1257 2819 1307 2862 re-

147 2901 279 2982 peritur,
302 2899 382 2964 Aee.
407 2902 448 2963 50
470 2904 622 2962 Adsentio.
667 2901 730 2963 476
753 2904 890 2964 adsensit.
927 2900 1041 2982 Pomp.
1064 2899 1146 2966 Bon.
1172 2903 1232 2965 167
1256 2907 1307 2964 ad-

147 3007 285 3066 sentiant.
317 2999 498 3066 Transitiva
519 2980 747 3083 significatione
762 3009 951 3083 usurpatum
967 3009 1016 3067 est
1031 3002 1127 3066 Titia.
1141 3004 1200 3065 148
1217 3014 1309 3066 semet

148 3144 190 3152 -
212 3109 411 3184 Emigrarunt.
457 3103 607 3168 Aetivam
633 3103 768 3167 formam
795 3103 895 3170 habes
916 3104 996 3170 Aea.
1020 3107 1080 3169 601
1109 3104 1307 3187 inperfecto

148 3207 288 3288 comperi,
318 3205 396 3270 item
418 3228 445 3270 v.
470 3205 693 3291 3601116617.
734 3202 919 3288 Singulares
946 3207 1063 3290 passivi
1089 3205 1211 3272 formae
1234 3214 1309 3272 sunt

147 3309 224 3374 Pac.
251 3311 312 3373 100
335 3313 367 3372 Si
390 3334 448 3390 qua
465 3315 607 3390 potestur
629 3313 804 3389 investigari
825 3313 883 3373 via.
927 3307 1073 3376 Verbum
1095 3312 1196 3373 eluere
1218 3310 1308 3374 catius

148 3411 253 3477 activa
274 3411 378 3476 forma
406 3416 495 3475 extat
516 3411 596 3476 Ace.
621 3412 683 3475 533
706 3416 786 3490 ignis
809 3412 954 3474 6166-
977 3417 1088 3476 divisus
1111 3417 1144 3476 et
1164 3412 1224 3477 inc.
1246 3412 1307 3477 ine.

148 3519 229 3595 trag.
253 3515 294 3577 42
318 3519 390 3577 haee
411 3552 453 3560 -
477 3515 558 3575 eluet
579 3519 719 3591 Minerva,
742 3513 854 3578 eadem
877 3513 1107 3597 significatione
1127 3514 1161 3577 in
1182 3514 1309 3596 passiva

147 3614 252 3681 forma
277 3622 468 3697 usurpatum
495 3619 544 3679 est
566 3636 586 3679 a
606 3615 683 3679 Pae.
709 3616 770 3679 194
799 3617 940 3680 eluantur
961 3622 1110 3698 hospitum
1132 3621 1308 3680 infidissimi.

147 3717 223 3783 Pae.
248 3720 312 3783 390
338 3723 498 3799 nequitum.
542 3717 621 3781 Aoc.
646 3718 708 3781 664
736 3722 841 3793 Quitus
869 3744 940 3782 sum.
985 3717 1081 3782 Titin.
1105 3720 1144 3782 97
1173 3724 1307 3782 saciatur.

148 3819 264 3885 Laber.
295 3822 336 3884 26
365 3824 526 3900 ignoscitur
552 3849 584 3874 =
610 3819 752 3902 ignescit.
796 3818 1035 3903 Deponentium
1062 3821 1208 3902 exempla
1235 3826 1310 3886 sunt

147 3921 241 3987 haee:
263 3920 340 3987 Pae.
367 3924 428 3987 180
450 3926 576 3985 confieri.
620 3921 700 3986 Ace.
729 3929 830 4004 praet.
854 3925 895 3987 23
919 3929 1050 3987 conitier.
1095 3924 1176 3988 Aee.
1204 3928 1307 4004 praet.

149 4026 190 4089 26
214 4030 357 4102 contueri;
380 4023 493 4106 Pomp.
515 4022 597 4089 Bon.
621 4027 661 4088 69
684 4029 778 4106 incipi
801 4025 915 4088 contai.
947 4024 1023 4091 Pac.
1045 4027 1107 4089 154
1130 4030 1250 4088 fatisear
1271 4057 1304 4080 =

147 4124 1308 4210 mmfflwmmmfflmmmm
