2872 4770
612 273 826 337 -36-

142 484 184 492 ——
212 468 324 506 mecum
355 448 437 522 agito
461 481 502 490 —
531 446 594 516 Quo
620 452 706 523 pacto
730 480 771 488 -
798 448 903 505 molem
930 448 1068 506 minuam.
1115 443 1300 508 Pronomen

141 545 324 611 reflexivum
347 543 498 626 singulari
518 543 615 609 modo
637 549 826 626 usurpatum
853 550 902 610 est
928 545 961 608 in
982 545 1031 610 his
1052 544 1145 609 locis:
1177 545 1299 630 Turpil.

142 651 183 713 36
206 654 248 711 mi
270 658 315 712 est
336 653 430 710 iratus
451 655 544 728 pater,
568 650 643 720 Quia
665 668 696 708 se
718 653 830 710 talento
853 652 968 728 argenti
990 653 1086 728 tetigi.
1126 645 1197 731 Syr.
1219 655 1299 713 sent

142 754 204 816 685
231 755 330 833 patria
357 772 412 812 sicu
439 758 495 827 est,
525 752 578 812 ubi
605 773 727 830 cumque
752 754 862 814 vixeris
888 754 969 813 bene.
1016 751 1073 814 151
1105 756 1228 814 stultum
1255 762 1300 814 est

141 859 232 917 alium
245 858 321 917 velle
340 856 443 914 ulcisci
462 875 556 932 poena
576 875 636 913 sua.
668 850 857 934 (Menander
876 852 1016 917 Monost.
1041 854 1110 917 152.
1148 851 1299 938 ἐχθροὺς

142 955 272 1035 duduco
292 953 336 1037 μὴ
355 952 405 1018 ’πὶ
427 956 468 1040 τῇ
492 959 622 1019 σαυτοῦ
645 953 775 1042 βλάβῃ).
807 954 884 1018 Pac.
901 956 963 1019 324
978 960 1054 1018 Nam
1068 961 1213 1018 Teucrum
1234 961 1298 1035 regi

140 1080 231 1139 supsu
252 1083 298 1121 res
319 1061 487 1120 restabiliet
512 1088 544 1111 =
572 1056 643 1138 ipsa
663 1077 723 1120 nec
745 1057 816 1121 alia.

225 1159 429 1224 Pronominis
452 1159 693 1223 demonstrativi
714 1158 818 1223 forma
839 1160 905 1222 dice
927 1159 1086 1243 reperitur
1100 1160 1185 1241 apud
1201 1159 1297 1224 niun.

142 1264 183 1326 50
205 1287 311 1344 pucras
333 1264 422 1324 husee
445 1266 477 1325 et
499 1261 714 1343 compluribus
735 1260 814 1328 locis
838 1281 877 1324 ex
899 1262 1091 1343 coniectura,
1113 1262 1201 1327 velut
1217 1262 1298 1328 Acc.

143 1366 203 1428 122
225 1369 291 1426 hice
306 1401 348 1410 —-
363 1372 465 1427 metus.
484 1402 525 1410 —
547 1364 596 1426 lic
619 1368 651 1427 et
673 1364 729 1426 ille
750 1362 783 1427 in
804 1384 868 1428 una
890 1365 1106 1430 enuntiatione
1130 1365 1299 1430 coniuncta

141 1473 214 1532 sunt
240 1466 300 1530 inc.
327 1465 388 1530 ino.
410 1471 491 1548 trag.
514 1468 556 1530 93
583 1471 689 1529 Hicine
715 1471 768 1528 ille
795 1477 839 1529 est
866 1472 994 1530 Telamo.
1041 1469 1099 1531 151
1124 1473 1165 1532 Ni
1190 1473 1298 1530 mirum

140 1570 190 1632 dic
216 1569 272 1631 iiic
298 1578 343 1632 est
369 1574 417 1632 vir
446 1573 516 1631 talis
543 1572 634 1632 tantis
662 1572 767 1649 opibus
797 1574 990 1650 praepotens?
1035 1568 1152 1635 Laber.
1178 1570 1216 1633 13
1239 1576 1297 1633 Hic

140 1677 191 1735 ille
207 1681 252 1734 θεῖ
266 1677 384 1751 gindus.
415 1669 513 1736 Pron.
529 1671 598 1733 iilic
611 1669 710 1735 habes
726 1669 803 1735 Pac.
822 1673 883 1735 134
897 1676 950 1734 ubi
964 1676 1027 1735 illic
1043 1676 1107 1735 est?
1137 1671 1298 1753 Exempla

139 1793 229 1857 pron.
256 1773 326 1846 iste,
355 1773 425 1836 istic
452 1777 526 1838 sunt
546 1771 622 1837 Pac.
646 1774 687 1837 58
716 1778 793 1848 Quid
820 1774 899 1836 istuc
926 1777 988 1837 est?
1032 1774 1111 1838 Acc.
1134 1776 1196 1838 299
1220 1779 1297 1850 Quid

140 1882 279 1940 istuc-
302 1885 346 1937 est
367 1911 408 1922 —
432 1879 446 1937 P
493 1874 570 1939 Pac.
599 1878 637 1939 61
668 1876 758 1938 isium
780 1913 822 1922 -
849 1880 1099 1955 geminitudinem.
1146 1879 1206 1940 153
1235 1882 1297 1940 Ista

140 1983 165 2041 si
194 1983 237 2040 ita
265 1987 334 2040 sunt
360 1981 521 2058 promerita
546 1989 652 2041 vestra.
698 1979 760 2041 202
788 1982 954 2040 iteradum
982 1983 1082 2042 eadem
1103 1984 1194 2043 istaec
1214 1984 1296 2040 mihi.

140 2081 202 2144 228
225 2085 329 2143 istunc.
360 2078 441 2143 Aeo.
465 2080 527 2143 329
550 2085 629 2142 idem
651 2085 740 2143 istud.
772 2077 892 2163 'Pupil
912 2082 973 2144 201
997 2086 1111 2144 utinam
1132 2086 1208 2144 istuc
1229 2105 1295 2161 per·

140 2192 261 2264 petuum
287 2187 377 2245 itiner
398 2187 438 2245 sit
463 2186 533 2244 tibi!
579 2179 691 2245 Airan.
715 2183 777 2245 287
801 2188 830 2244 ie
852 2182 932 2245 isicio
954 2188 1050 2245 facere
1073 2187 1200 2246 officiose
1227 2188 1296 2245 scio.

141 2284 253 2370 (Plura
273 2283 343 2349 vide
365 2305 415 2365 ap.
438 2283 533 2347 Ribb.
555 2283 589 2347 in
609 2283 784 2366 indicibus).
828 2282 938 2348 Facile
961 2304 1134 2367 cognosces
1155 2285 1189 2347 in
1210 2304 1295 2349 com-

137 2386 282 2470 pluribus
303 2386 417 2452 horum
439 2387 583 2450 locorum
603 2406 780 2468 pronomen
801 2385 842 2450 ad
864 2387 1034 2451 secundam
1055 2407 1225 2468 personam
1246 2408 1296 2450 re·

138 2489 240 2553 latum
267 2509 345 2554 esse.
388 2488 554 2553 Attractio
590 2488 786 2572 pronominis
812 2490 870 2552 iste
896 2489 1055 2554 invenitur
1081 2510 1131 2572 ap.
1153 2489 1230 2554 Pac.
1254 2492 1295 2554 83

138 2592 193 2655 isli
224 2597 275 2673 qui
305 2597 438 2671 lingnam
469 2596 567 2655 avium
598 2596 776 2671 intellegimt
802 2629 844 2638 —
874 2597 969 2671 Magis
1001 2597 1177 2656 audiendum
1208 2618 1296 2674 quam

138 2699 360 2757 auscultandum
382 2713 491 2771 censeo,
513 2692 709 2777 pronominis
731 2693 864 2758 relativi.
905 2695 984 2757 Aoo.
1008 2696 1049 2758 58
1072 2719 1143 2775 quos
1165 2700 1296 2758 deseruit

136 2801 254 2875 liberos,
265 2800 442 2877 Superstitss
458 2804 533 2858 sunt.
564 2793 724 2859 Neutrum
738 2796 934 2878 pronominis
948 2795 1004 2859 rel.
1022 2796 1294 2861 coniunctionibus

136 2898 300 2980 praemitti
321 2896 361 2962 ad
382 2896 575 2981 copulandas
596 2897 675 2962 duas
694 2898 926 2964 enuntiationes
949 2904 1083 2979 constat,
1106 2898 1151 2963 sic
1172 2898 1295 2963 factum

138 3006 186 3065 est
212 2999 298 3084 apud
319 2999 457 3064 Accium
480 3002 520 3064 22
547 3000 589 3063 in.
617 3004 701 3074 Quod
726 3005 848 3064 utinam.
875 3000 935 3063 inc.
957 3000 1018 3064 inc.
1041 3006 1121 3084 trag.
1145 3003 1185 3065 28
1209 3006 1295 3077 Quod

136 3108 207 3181 nisi,
235 3102 276 3167 ib.
298 3125 326 3167 v.
343 3105 383 3166 58
406 3107 489 3178 Quod
510 3108 550 3164 ni.
581 3100 677 3168 Pron.
704 3101 759 3165 rel.
775 3101 922 3184 generale
944 3102 1101 3168 invenitur
1116 3103 1200 3186 apud
1215 3102 1293 3167 Pac.

136 3207 178 3270 90
206 3206 363 3289 Quidquid
388 3214 433 3267 est
457 3209 520 3268 hoc.
556 3203 638 3268 Pan.
660 3204 721 3268 inc.
744 3203 803 3268 inc.
828 3206 867 3268 89
892 3209 945 3268 sat
972 3211 1105 3268 celeriter
1126 3211 1172 3284 fit,
1204 3206 1294 3290 quid·

136 3309 211 3394 quid
232 3313 267 3372 fit
288 3313 361 3371 satis
382 3312 463 3370 bene.
494 3306 607 3389 Pomp.
630 3304 711 3370 Bon.
733 3309 793 3371 193
816 3307 966 3392 quidquid
988 3318 1032 3371 est
1053 3314 1085 3371 in
1106 3314 1178 3371 luce.
1209 3306 1292 3372 Nov.

137 3414 175 3476 31
201 3422 309 3475 comest
335 3411 492 3495 Quidquid
520 3414 624 3489 tetigit
650 3418 773 3472 tantum.
804 3408 897 3472 Publ.
921 3406 991 3493 Syr.
1014 3411 1055 3474 22
1083 3415 1221 3473 Alienum
1248 3420 1293 3472 est

136 3540 227 3593 omne,
245 3513 391 3599 quicquid
406 3517 533 3594 optando
548 3517 653 3577 evenit.
686 3510 798 3576 Asran.
814 3513 856 3576 30
872 3512 1017 3596 quicquid
1037 3518 1178 3594 loquitur.
1208 3510 1242 3575 N
1243 3533 1292 3576 ov.

136 3619 177 3681 62
200 3616 345 3701 quicquid
364 3619 503 3677 nanctu's.

220 3717 404 3783 Pronomen
421 3716 691 3798 interrogativum.
719 3715 798 3780 Acc.
814 3717 877 3779 554
895 3716 971 3796 Quis
986 3726 1019 3778 tu
1034 3741 1064 3780 es
1078 3722 1211 3780 mortalis
1225 3721 1293 3780 —l

134 3821 248 3905 Pomp.
275 3819 356 3884 Bon.
388 3821 447 3883 156
483 3819 558 3899 Quis
584 3823 632 3880 hio
659 3821 721 3880 est?
770 3816 890 3882 Forma
916 3818 984 3902 quis
1011 3816 1049 3882 de
1077 3839 1191 3901 genere
1217 3818 1291 3883 fem.

134 3924 211 3989 Pac.
234 3925 296 3988 239
325 3922 400 4002 Quis
422 3931 456 3984 tu
478 3946 515 4000 es,
537 3926 707 3984 mulier-
729 3918 744 3985 Ρ
781 3919 822 3983 In
843 3941 974 3985 numero
995 3921 1114 4003 plurali
1134 3920 1211 3986 Pac.
1228 3923 1289 3985 221

135 4048 206 4112 ques
233 4035 301 4089 sunt
328 4028 374 4087 is?
404 4029 518 4105 Ignoti,
548 4028 645 4087 nescio
673 4045 744 4107 ques
771 4027 924 4103 ignobiles.
972 4023 1085 4088 Afran.
1111 4026 1169 4088 151
1205 4024 1293 4104 Quod

134 4134 214 4192 vitae
235 4131 365 4191 studium
386 4137 439 4190 aut
453 4128 533 4212 quod
546 4130 726 4208 praesidium
740 4164 782 4173 -
797 4131 872 4188 Mihi
893 4132 1076 4209 supponebas
1091 4166 1133 4175 —
1148 4131 1163 4190 ?
1184 4131 1292 4190 Forma

135 4230 187 4314 qui
208 4251 268 4312 pro
290 4227 446 4294 adieetivo
468 4233 518 4294 est
538 4228 732 4303 Afranxilll
748 4233 853 4292 Nescio
869 4233 919 4309 qui
935 4267 976 4276 —
992 4236 1070 4308 deus,
1093 4228 1207 4294 ceteris
1224 4249 1290 4294 om-
