2872 4770
613 171 825 232 „16-

143 344 203 406 193
226 345 392 424 prospicere
407 376 449 386 —
463 343 545 401 mihi.
576 340 639 402 206
662 342 726 401 Meo
749 344 906 420 obsequere
928 343 1040 402 amori?
1063 343 1214 403 Oboedibo
1230 345 1298 402 tibi.

141 446 203 509 208
230 453 350 523 gnatam
371 446 585 506 -sororibus
607 445 805 505 Commendat.
849 443 912 505 240
943 445 1098 523 adoptarit
1119 447 1187 505 eibi.
1232 443 1294 506 251

140 551 267 610 consulit
293 556 377 625 tergo
404 569 476 606 meo.
521 545 581 607 251
614 568 701 625 quam
722 549 795 606 mihi
823 549 863 607 511
890 555 976 624 grata
1002 548 1094 625 ipsius
1117 549 1294 625 obsequella.

140 649 200 711 341
225 652 444 728 Respondit-
460 650 540 707 mihi.
568 647 630 709 356
645 651 829 726 percusistis
849 650 956 709 verbis.
985 647 1047 710 395
1068 651 1193 709 miserae
1206 651 1295 708 mihi!

140 750 202 813 416
217 755 276 812 tibi
291 754 431 812 cervicem
445 752 561 827 fingam.
584 748 644 811 421
656 754 857 812 mustriculam
866 753 1078 829 —impingam
1092 752 1158 811 tibi.
1180 746 1297 831 Pomp.

138 849 220 915 Bon.
236 853 256 915 2
270 854 328 915 tibi
343 887 385 897 -
400 855 534 932 adpareo.
563 851 583 913 8
598 874 635 912 ne
649 855 779 914 invidiae
800 857 865 914 siet.
888 852 929 913 49
944 855 1019 913 Mihi
1034 856 1126 914 frater
1141 855 1228 914 salve.
1252 852 1292 914 51

139 957 196 1017 tibi
218 978 309 1017 voveo
332 958 483 1016 facturum.
515 953 555 1015 89
577 958 687 1034 Nupsit
702 991 742 1000 —
758 958 877 1016 dotatae
891 958 1009 1017 vetulae
1021 959 1171 1016 varicosae
1186 958 1295 1016 vafrae.

141 1057 201 1119 136
224 1061 363 1137 adportas
377 1060 513 1119 nuntium
530 1053 626 1116 Nobis
640 1059 795 1136 disparem,
813 1060 948 1133 divisum,
970 1055 1041 1117 1515
1056 1055 1121 1117 aeaa'
1137 1060 1248 1117 senium
1264 1067 1296 1117 et

138 1166 254 1220 metum.
280 1159 340 1220 144
355 1161 412 1219 tibi
427 1183 491 1219 cum
505 1161 663 1220 tonderem.
689 1157 748 1219 145
764 1162 790 1220 si
805 1162 853 1219 551
861 1162 933 1238 quid
946 1161 1017 1218 boni
1026 1161 1140 1220 Evenit.
1166 1158 1228 1220 154
1243 1182 1294 1238 pe·

138 1264 251 1322 ditibus
259 1265 375 1321 nubere.
401 1260 682 1323 1581555551515111
695 1263 776 1321 mihi.
801 1261 861 1323 168
870 1263 944 1321 mihi
952 1263 1094 1322 vendidit.
1119 1260 1180 1323 173
1194 1263 1295 1321 colafis

138 1366 370 1424 comminuissem
384 1366 517 1424 testatim
531 1365 596 1424 tibi.
631 1362 691 1423 180
706 1366 867 1443 Tamquam
881 1367 973 1425 frater
987 1367 1060 1424 mihi
1075 1366 1123 1424 515.
1153 1359 1235 1426 Nov.
1254 1362 1294 1423 10

137 1467 207 1525 Tibi
222 1488 287 1525 cum
301 1467 404 1526 fidebo
436 1466 565 1528 28151111
580 1466 714 1526 Gantant.
747 1463 787 1526 49
808 1469 887 1544 quod
894 1469 952 1526 mei
968 1465 1016 1547 (=
1026 1462 1114 1545 mihi)
1129 1469 1235 1526 misero
1254 1501 1290 1509 —

137 1571 282 1645 confregit
296 1577 392 1646 caput.
424 1568 464 1629 63
480 1570 528 1629 Ita
541 1570 624 1628 vobis
640 1571 751 1629 otiosus
767 1591 830 1628 sum
844 1578 878 1629 ut
892 1572 933 1628 mi
948 1569 1052 1646 algebo
1068 1578 1098 1629 et
1113 1571 1153 1627 mi
1168 1570 1294 1628 esuribo.

137 1669 178 1732 86
201 1679 231 1730 e'1'
252 1694 380 1750 pannum
401 1673 529 1749 positum
549 1673 581 1729 in
595 1693 726 1750 purpura
740 1678 792 1731 est.
826 1671 886 1732 106
907 1673 976 1731 huic
991 1674 1107 1750 puellae
1120 1673 1294 1749 praecoquis

136 1774 230 1832 libido
245 1775 328 1832 inest.
358 1769 457 1834 Atell.
477 1770 538 1835 inc.
557 1772 676 1834 nom.7
706 1782 734 1832 e'1'
756 1776 885 1834 detraxit
907 1776 996 1833 ebrio.
1031 1768 1148 1835 Laber.
1173 1772 1213 1833 14
1235 1765 1294 1832 tibi

136 1877 262 1936 narravi.
309 1874 348 1936 18
376 1877 432 1935 tibi
454 1878 589 1954 relictum
612 1884 663 1935 est.
710 1874 749 1936 19
772 1898 829 1954 quo
851 1878 937 1936 modo
959 1898 1100 1936 mammae
1122 1877 1196 1934 mihi
1218 1877 1294 1935 Tam

136 1979 385 2038 descendiderant.
417 1977 458 2038 22
480 1980 575 2038 Video
597 1980 777 2038 adulescenti
799 1987 899 2038 nostro
922 1979 1012 2038 Caedi
1029 1981 1125 2040 billas.
1155 1976 1218 2038 107
1242 1999 1292 2036 ne-

135 2100 207 2156 gare
229 2082 276 2145 cui
297 2082 341 2139 nil
361 2087 527 2158 potuemmt.
575 2078 634 2141 117
667 2081 746 2140 Satis
768 2082 863 2140 facere
885 2084 994 2159 populo
1017 2091 1047 2142 et
1068 2084 1124 2142 1511
1152 2116 1195 2125 -
1218 2082 1292 2141 1115.

136 2174 207 2262 Syr.
222 2184 300 2243 sent
317 2182 337 2243 9
360 2185 456 2242 aliena
477 2184 571 2257 nobis,
593 2190 694 2241 nostra
715 2185 782 2260 plus
798 2185 866 2242 51115
880 2186 1005 2262 placent.
1040 2182 1079 2244 10
1102 2186 1229 2244 alienum
1244 2204 1293 2242 aes

139 2286 252 2344 homini
273 2286 400 2360 ingenuo
422 2287 528 2345 acerba
544 2286 736 2346 5515511155.
770 2283 807 2345 11
825 2308 926 2346 amans
940 2288 1033 2346 iratus
1048 2289 1141 2346 multa
1156 2287 1299 2344 mentitur

140 2387 206 2447 sibi.
246 2385 283 2446 17
307 2407 405 2446 amare
426 2389 526 2448 iuveni
548 2390 660 2447 fructus
682 2395 734 2462 est,
758 2389 867 2447 crimen
889 2390 959 2447 seni.
1000 2387 1041 2448 29
1064 2391 1160 2449 animo
1184 2389 1298 2446 dolenti

140 2491 184 2548 nil
207 2495 323 2567 oportet
345 2491 464 2549 credier.
510 2488 551 2550 30
581 2492 679 2550 animo
705 2492 864 2568 imperabit
890 2493 1018 2568 sapiens,
1046 2493 1153 2551 stultus
1179 2492 1297 2549 serviet.

142 2590 183 2651 33
205 2593 294 2651 morti
315 2593 435 2653 delicias
458 2595 538 2652 facit.
570 2591 610 2652 35
633 2614 721 2653 51515
737 2594 808 2670 quid
822 2595 893 2653 mali
909 2599 998 2671 optes.
1031 2591 1071 2653 69
1094 2594 1171 2653 bona
1186 2594 1299 2652 nemini

140 2696 213 2754 hora
235 2701 288 2768 551,
309 2700 423 2753 utnon
445 2696 534 2754 alicui
556 2695 701 2755 sitmala.
741 2693 800 2756 101
825 2698 872 2754 cui
893 2697 969 2754 nolis
992 2716 1077 2772 saepe
1099 2697 1194 2755 irasci.
1235 2692 1297 2754 103

141 2798 188 2855 551
211 2817 308 2855 omnes
329 2797 403 2856 bene
424 2798 533 2856 dicunt.
581 2795 641 2857 106
664 2798 757 2856 551115
779 2799 876 2857 dolori
897 2797 1056 2857 remedium
1078 2803 1123 2856 551
1143 2797 1298 2875 patientia.

144 2897 205 2959 118
236 2899 368 2975 quisquis
393 2905 524 2976 praestat
546 2901 639 2957 errori
660 2900 755 2958 fidem.
802 2897 862 2959 133
890 2901 1002 2977 eripere
1024 2900 1124 2973 telum,
1146 2920 1204 2957 non
1227 2900 1299 2957 dare

141 3001 219 3059 irato
241 3001 331 3058 decet.
365 2997 424 3060 147
448 3003 570 3060 excelsis
592 3002 772 3061 -facilius
794 3023 876 3061 casus
898 3008 990 3060 nocet.
1024 2999 1086 3061 150
1108 3002 1222 3079 patriae
1245 3003 1298 3077 qui

142 3122 173 3160 se
195 3102 328 3177 denegat.
375 3100 435 3163 196
465 3104 551 3162 homo
573 3104 653 3162 vitae
675 3106 886 3178 commodatus,
908 3125 967 3163 non
989 3106 1114 3163 donatus
1136 3111 1188 3162 est.
1232 3100 1297 3162 208

142 3205 286 3280 ignoscito
309 3225 394 3282 saepe
416 3206 516 3279 alteri,
538 3226 695 3282 numquam
717 3207 782 3266 tibi.
828 3205 890 3267 215
917 3209 1035 3284 ingrata
1057 3214 1125 3266 sunt
1146 3205 1297 3278 beneficia,

142 3301 211 3386 quta
233 3327 326 3366 comes
348 3313 393 3366 551
413 3313 515 3366 metus.
560 3305 622 3367 216
653 3309 787 3385 ingratus
808 3330 883 3368 unus
909 3310 1043 3369 omnibus
1068 3309 1182 3367 miseris
1203 3314 1298 3365 nocet.

142 3405 206 3468 240
228 3410 342 3468 sibi-
357 3411 503 3470 irascitur.
535 3408 597 3469 243
620 3411 664 3470 115
686 3411 770 3469 crede
792 3412 894 3485 amico,
915 3418 950 3469 ut
968 3432 1005 3469 ne
1019 3413 1059 3470 sit
1074 3411 1193 3470 inimico
1207 3411 1297 3467 locus.

143 3507 206 3569 259
228 3512 276 3568 lex
297 3518 343 3571 est
364 3513 429 3570 sibi.
461 3510 523 3571 219
545 3514 623 3570 111515
638 3545 680 3556 -
695 3533 806 3590 parcas.
837 3510 901 3572 290
923 3514 971 3571 551
985 3521 1117 3589 negatur.
1149 3508 1208 3573 301
1233 3531 1297 3568 mu·

141 3613 198 3670 1151
219 3633 294 3689 quae
314 3615 415 3672 multis
437 3614 531 3687 nubit,
552 3614 654 3672 multis
676 3635 735 3673 non
749 3616 852 3692 placet.
884 3613 946 3675 302
968 3617 1070 3675 multis
1084 3616 1222 3687 minatur,
1245 3614 1297 3689 qui

142 3714 194 3771 uni
216 3715 288 3774 facit
309 3715 456 3774 iniuriam.
500 3713 562 3775 303
584 3717 684 3775 multis
706 3718 829 3794 placere.
869 3715 931 3777 304
952 3708 1112 3776 multorum
1134 3716 1298 3779 calamitati

143 3849 185 3859 —
207 3818 339 3877 moritur.
371 3816 432 3878 311
456 3819 623 3878 necessitati
637 3820 752 3896 sapiens
766 3820 843 3878 nihil
860 3853 894 3863 -
914 3825 1010 3896 negat.
1042 3817 1105 3879 315
1127 3825 1217 3894 negat
1231 3817 1297 3877 sibi.

143 3916 207 3978 324
229 3921 254 3977 51
277 3920 368 3979 oculis
390 3921 503 3979 animus
525 3922 657 3998 imperet.
693 3919 753 3981 331
779 3922 887 3980 crimen
909 3923 967 3982 sibi
988 3924 1076 4001 parit.
1109 3920 1172 3981 336
1195 3921 1297 3979 multis

142 4023 246 4098 placet.
283 4020 344 4082 337
368 4023 531 4083 calamitati
553 4024 661 4082 cedere.
698 4021 914 4084 3535111515
934 4026 1041 4084 misero
1063 4026 1193 4100 longam,
1216 4022 1299 4080 felici

142 4124 267 4184 brevem.
312 4122 372 4184 361
396 4146 555 4202 paucorum
577 4127 751 4203 improbitas
772 4127 918 4186 universis
940 4128 1098 4187 calamitas.
1143 4123 1205 4185 367
1228 4125 1298 4201 quoi
