2872 4770
609 199 823 261 ,56-

137 366 230 448 plura
252 364 394 428 subiecta
416 363 495 427 Aeo.
519 368 581 429 349
603 371 754 430 Persuasit
775 392 889 431 maeror
911 375 1053 433 anxitudo
1076 395 1181 451 aegror
1203 377 1297 436 dolor.

137 468 251 531 Afran.
276 468 337 530 140
364 492 411 530 res
433 478 548 549 tempus
570 474 662 546 locus,
695 475 782 533 simul
805 477 897 534 otium
919 476 1100 536 hortabatur.
1124 511 1165 520 -
1188 473 1298 539 Parti·

137 571 221 653 01010
243 569 411 651 singularis
434 570 557 634 numeri
578 581 739 652 praesente,
763 577 883 636 absente
898 574 995 638 etiam
1010 574 1096 655 apud
1110 574 1168 639 hos
1183 583 1299 658 poetas

137 673 313 753 scaenicos,
342 672 424 736 siout
447 672 531 754 apud
553 672 684 754 priores,
708 695 780 738 oum
801 675 918 757 plurali
940 676 1129 742 substantivi
1149 679 1199 742 vel
1222 700 1298 761 pro·

137 775 272 840 nominis
295 775 538 856 coniunguntur.
568 774 648 839 Aee.
664 777 727 839 428
749 787 902 859 praesente
924 784 978 842 his.
1009 777 1123 844 Afran.
1139 783 1159 844 6
1175 787 1299 846 absente

136 883 229 941 nobis.
272 876 387 958 Pomp.
410 876 491 941 Bon.
515 878 555 941 47
578 889 732 959 praesente
755 885 863 944 amicis.
904 882 964 946 168
986 893 1139 963 praesente
1161 890 1298 949 testibus.

136 979 217 1045 Nov.
240 980 280 1043 57
303 989 457 1061 praesente
479 984 621 1042 omnibus.

222 1079 332 1147 Verba
362 1080 587 1163 impersonalia
614 1082 731 1146 activa:
762 1082 839 1147 Pae.
863 1086 904 1148 44
932 1089 1012 1148 dolet
1038 1090 1187 1167 pigetque.
1234 1089 1298 1152 198

136 1191 237 1266 Neque
257 1195 288 1248 te
311 1190 368 1246 mei
390 1189 516 1247 miseret.
548 1186 612 1248 354
630 1189 786 1248 miseretur
806 1191 851 1248 tui
875 1185 971 1264 (Non.
989 1188 1060 1268 477,
1086 1190 1125 1251 16
1141 1193 1299 1253 miseretur

136 1308 194 1371 010
217 1286 368 1368 miseret).
412 1285 491 1350 Aee.
515 1287 576 1349 312
600 1307 645 1368 sq.
673 1311 767 1368 neque
793 1298 823 1350 te
849 1313 943 1370 neque
971 1315 1144 1371 quemquam
1166 1296 1299 1355 arbitror

137 1396 217 1453 Tuae
238 1393 425 1471 paeniturum
447 1393 551 1451 laudis.
582 1386 650 1452 Ine.
672 1388 731 1453 ine.
755 1394 834 1471 trag.
852 1392 890 1454 21
915 1396 969 1454 hoc
992 1397 1072 1455 dolet
1091 1397 1183 1474 pudet
1204 1399 1298 1474 piget.

137 1493 200 1556 245
223 1512 269 1573 sq.
292 1496 372 1552 nilne
394 1498 424 1552 te
439 1495 553 1552 Horum
575 1496 717 1568 fortunae,
740 1497 784 1553 nil
800 1498 1023 1557 commiserescit
1041 1499 1142 1557 meae?
1173 1494 1298 1578 Turpil.

138 1597 178 1659 55
207 1600 300 1670 Quam
326 1597 429 1673 matris
461 1597 506 1654 tui
533 1597 628 1674 patris
650 1617 695 1655 me
723 1598 879 1658 miseretur
900 1601 994 1675 magis
1026 1594 1121 1677 (Non.
1144 1599 1220 1677 477,
1258 1600 1298 1662 14

135 1704 292 1761 miseretur
318 1715 377 1776 pro
405 1693 555 1776 miseret).
600 1694 684 1758 Atta
708 1698 724 1759 7
753 1701 841 1759 Nilne
868 1707 897 1760 te
924 1703 1027 1779 populi
1054 1710 1179 1762 veretur.
1225 1696 1297 1783 Syr.

136 1804 215 1864 sent.
240 1801 259 1862 5
282 1802 319 1860 ad
341 1802 549 1878 paenitendum
571 1808 720 1878 properat.
757 1800 820 1863 516
843 1805 1027 1881 paenitenda.
1058 1798 1299 1882 Nonnunquam

136 1900 348 1985 personaliter
369 1902 576 1980 usurpantur:
599 1899 675 1963 Pac.
699 1902 737 1963 31
762 1905 903 1981 Proloqui
920 1927 978 1965 non
993 1906 1187 1984 poenitebunt
1208 1907 1299 1966 liberi

136 2010 254 2084 ingrato
276 2027 312 2065 ex
333 2007 404 2064 loco.
437 2001 496 2063 391
522 2006 585 2083 ipse
608 2007 670 2064 eius
693 2008 959 2067 commiseresceret.
997 2003 1117 2086 Turpil
1144 2006 1204 2068 104
1226 2030 1298 2069 num

135 2112 219 2170 illam
240 2110 326 2168 illaec
347 2107 479 2185 pudent?
515 2101 736 2186 impersonale
758 2105 920 2187 passivum
942 2111 991 2170 est
1012 2127 1062 2189 ap.
1086 2105 1207 2189 Turpil.
1235 2111 1295 2171 141

135 2214 179 2271 110
202 2217 381 2270 conventum.

222 2311 272 2373 53.
309 2307 479 2372 Adiectiva
507 2307 777 2373 substantivorum
802 2309 870 2372 vice
898 2309 1079 2391 finguntur.
1130 2309 1206 2375 Pae.
1233 2312 1297 2374 153

136 2416 297 2494 promerita
318 2420 424 2474 vestra.
461 2407 610 2474 11101110.
633 2414 714 2493 trag.
738 2413 1010 2497 26010000001110
1033 2452 1075 2459 —
1098 2417 1129 2472 in
1152 2416 1296 2476 adversis.

138 2510 207 2596 Syr.
231 2518 309 2576 sent.
333 2513 396 2577 470
424 2517 455 2573 111
483 2516 588 2574 dubiis.
633 2514 695 2576 513
718 2518 750 2574 in
773 2518 902 2577 adversis
925 2552 967 2559 —
989 2519 1022 2575 in
1043 2518 1184 2577 secundis.
1230 2516 1295 2578 696

135 2622 168 2678 in
189 2620 328 2678 adversis.
372 2612 485 2677 Airan.
511 2615 550 2677 78
572 2619 695 2676 nimium
718 2614 801 2694 (bis).

318 2871 381 2925 lv.
411 2871 469 2924 nc
487 2867 812 2926 enuntiationibus
831 2870 871 2925 ct
888 2869 1104 2939 particulis.

222 3025 271 3087 54.
308 3021 498 3106 Asyndeton
529 3021 579 3085 vel
609 3022 803 3103 singulorum
834 3021 1059 3087 vocabulorum
1089 3023 1140 3087 vel
1171 3024 1296 3088 enunti-

136 3126 292 3190 ationum:
314 3126 394 3189 Aoo.
418 3126 489 3188 393.
514 3124 584 3187 394.
609 3126 679 3187 437.
704 3125 767 3186 444
790 3144 834 3205 00.
868 3126 930 3187 614
953 3145 1020 3207 sqq.
1043 3130 1168 3189 vestitus
1190 3136 1295 3205 taeter,

135 3233 293 3306 vastitudo,
316 3231 502 3310 Maestitudu
533 3224 601 3291 Ine.
624 3225 684 3290 ine.
707 3231 788 3308 trag.
815 3227 874 3290 198
890 3232 1075 3289 Horrendum
1097 3232 1296 3291 miserandum

135 3337 256 3413 inpium.
302 3332 363 3394 207
388 3349 433 3411 00.
456 3334 604 3410 palaestra
625 3334 738 3391 Eurota
765 3335 809 3392 sol
837 3332 934 3409 pulvis
963 3333 1047 3391 labor
1068 3334 1186 3392 Militia.
1231 3332 1296 3394 210

134 3441 195 3499 Vos
218 3439 295 3497 enim
317 3437 436 3495 iuvenes
458 3436 586 3494 animum
608 3436 713 3510 geritis
734 3435 913 3507 muliebrem,
936 3436 989 3493 1110
1010 3436 1095 3510 virgo
1117 3435 1183 3494 viri.
1215 3431 1295 3496 Aee.

135 3542 236 3619 01001.
259 3538 309 3599 29.
333 3532 455 3615 Turpil.
482 3533 541 3596 195
568 3538 650 3595 101111
670 3537 773 3595 aufert.
818 3534 877 3597 201
903 3537 1046 3596 Coronam
1069 3557 1197 3596 mensam
1218 3539 1296 3596 10100

135 3644 243 3702 vinum.
288 3637 351 3700 208
373 3639 552 3712 Nobilitate,
580 3639 713 3697 factione.
758 3633 871 3698 Afran.
896 3637 914 3698 9
937 3641 1018 3697 Mars
1045 3640 1155 3698 eaelum
1177 3646 1295 3698 terram.

137 3743 195 3804 171
221 3743 382 3820 Suppliciis
409 3747 527 3817 sumptu
557 3741 635 3801 votis
666 3740 750 3799 donis
777 3742 920 3818 precibus.
966 3736 1087 3817 Turpil.
1117 3738 1178 3800 114
1204 3741 1296 3799 Maris

135 3848 255 3923 scopuli,
279 3846 404 3916 sonitus,
428 3844 570 3918 solitudo,
593 3844 759 3903 sanctitudo
781 3844 939 3920 Apollinis.
983 3837 1065 3902 Pall.
1088 3839 1147 3902 ine.
1169 3839 1230 3902 1110.
1255 3841 1294 3902 71

136 3950 252 4009 Clamor
273 3948 388 4025 lapides
410 3948 502 4006 fustes
525 3948 628 4022 gladii.
672 3940 785 4004 Afran.
810 3943 872 4005 245
896 3962 964 4023 sqq.
987 3946 1100 4004 involat
1122 3945 1159 4002 In
1181 3945 1296 4019 collum,

135 4053 233 4128 plorat
255 4055 333 4123 orat,
363 4050 489 4108 occurrit
511 4070 601 4127 nepos
623 4049 785 4119 Pausillus,
814 4048 911 4124 neptis
932 4068 1021 4124 porro
1044 4047 1080 4104 de
1103 4047 1178 4105 lecto
1201 4046 1296 4120 frigit.

136 4149 199 4213 252
222 4152 334 4211 Vixisti
364 4152 461 4210 tristis
491 4153 580 4211 durus
612 4147 744 4211 difficilis
775 4155 871 4208 tenax.
916 4145 979 4209 253
1002 4168 1060 4207 non
1091 4169 1146 4224 ego
1173 4155 1204 4207 te
1225 4149 1297 4208 novi
