2872 4770
636 254 851 317 -48-

258 425 329 486 Cum
359 422 536 507 temporale
560 445 632 488 cum
653 423 716 487 ind.
739 422 949 489 coniunctum.
981 422 1058 487 Pac.
1083 424 1123 486 65
1146 427 1324 485 011111111-

165 536 285 590 ventum
312 538 364 590 est.
409 525 529 608 Turpil.
553 527 617 591 214
648 531 732 607 quasi
759 551 824 588 cum
851 534 955 589 ventus
982 530 1040 587 fert
1062 529 1161 589 navim
1182 529 1215 586 in
1236 548 1326 587 mars.

166 627 317 693 Ιηο.100.
340 634 421 711 trag.
445 631 486 693 85
514 654 578 691 cum
605 633 701 708 genui.
745 630 786 692 86
815 652 879 690 cum
905 632 981 690 misi.
1028 629 1088 691 116
1111 631 1243 690 Eandem
1264 631 1325 690 vir·

166 740 259 794 tutem
282 768 323 804 ÷
346 736 444 795 veniet
465 740 579 812 tempus
601 756 665 794 cum
687 735 818 811 graviter
839 754 944 810 gemes.
979 721 1038 794 186
1062 734 1134 792 Cum
1156 739 1186 791 10
1209 738 1326 811 expete·

165 838 245 896 bant.
290 831 404 914 Pomp.
426 830 508 899 Bon.
531 835 572 897 55
595 837 732 896 Decimus
754 837 860 894 mensis
883 841 940 909 011,
968 855 1033 893 cum
1055 837 1164 894 factum
1187 841 1238 894 est.
1284 833 1325 896 77

166 939 236 998 Dies
258 939 306 998 hic
328 945 449 1013 sextust,
471 960 535 998 cum
549 939 625 998 nihil
649 940 705 1015 egi.
737 932 820 998 Oum
841 933 1042 999 coniunctivo
1065 932 1178 998 Afran.
1203 934 1266 998 233
1289 939 1327 996 In

167 1042 266 1101 Gallia
292 1042 392 1101 ambos
418 1063 484 1100 cum
511 1062 642 1100 emerem.
686 1035 803 1101 Labor.
827 1038 867 1100 59
895 1046 996 1100 tantus
1024 1061 1088 1099 cum
1116 1046 1208 1099 staret
1229 1043 1326 1119 pluor.

165 1138 278 1204 Afran.
301 1142 343 1204 50
366 1145 438 1202 (lum
460 1144 622 1220 -patria
649 1144 789 1220 partisset
814 1144 899 1202 bona.
946 1140 1006 1203 152
1029 1164 1075 1201 me
1102 1163 1166 1201 cum
1193 1144 1327 1220 privares

166 1247 230 1306 tui?
249 1243 343 1322 Quom
359 1241 485 1305 causale
501 1261 574 1304 oum
588 1240 759 1306 indicativo
776 1240 979 1306 coniunctum
994 1247 1044 1307 est
1058 1241 1135 1306 Pac.
1152 1243 1213 1305 201
1232 1246 1327 1317 Quom

167 1382 208 1392 —
225 1350 350 1422 doment,
374 1343 515 1407 admixta
532 1350 640 1407 tamen
655 1343 887 1426 aliquantulum
909 1342 1140 1426 significatione
1162 1344 1327 1427 temporis.

254 1449 304 1510 51.
343 1442 570 1511 Coniunctivus
602 1467 630 1510 a.
663 1445 896 1511 condicionalis.
937 1444 1014 1511 Pac.
1042 1448 1103 1511 391
1136 1451 1272 1510 Priamus
1300 1452 1327 1510 si

167 1555 289 1628 adesset,
312 1554 376 1630 ipse
399 1554 461 1611 eius
484 1553 752 1612 commiseresceret.
796 1548 875 1612 Aoc.
901 1550 940 1612 13
963 1569 1010 1630 sq.

231 1690 341 1761 Quodsi
363 1723 405 1731 -
427 1694 520 1748 stares
541 1711 653 1749 mecum
676 1695 728 1748 aut
748 1709 828 1747 meus
852 1688 907 1766 [te]
930 1695 1088 1748 maestaret
1110 1690 1201 1763 dolor,

231 1809 295 1868 Iam
317 1810 369 1867 diu
390 1809 566 1868 inflammari
587 1808 713 1868 Atridae
734 1810 819 1869 navis
840 1808 991 1868 vidissent.

167 1940 246 2005 Aac.
270 1943 330 2005 561
362 1946 387 2004 si
414 1946 502 2023 inpar
528 1966 604 2005 esses
632 1946 704 2020 tibi,
736 1966 789 2022 ego
816 1966 892 2004 nunc
918 1965 977 2002 non
1003 1965 1094 2003 essem
1123 1947 1218 2004 miser.
1261 1944 1326 2006 613

167 2064 236 2125 sqq.
259 2049 356 2108 virum
377 2047 596 2107 memorabilem
610 2049 694 2108 Intui
708 2049 833 2121 viderer,
855 2048 886 2105 ni
900 2049 1026 2107 vestitus
1041 2052 1136 2106 100101
1151 2081 1191 2090 -
1206 2049 1326 2125 praedi·

166 2156 273 2208 carent.
317 2144 386 2209 Ino,
413 2146 472 2210 inc.
499 2152 580 2229 trag.
605 2148 645 2210 58
669 2168 737 2229 sqq.
765 2151 797 2208 ni
818 2151 970 2209 Palamedi
992 2184 1034 2192 -
1056 2150 1213 2227 prudentia
1234 2150 1327 2209 Istius

164 2258 320 2330 perspexet
342 2288 384 2295 —
407 2253 566 2326 audaciam,
589 2254 663 2312 Fide
685 2258 816 2312 sacratae
838 2253 883 2310 ius
906 2287 947 2296 -
970 2253 1094 2311 falleret.
1139 2246 1259 2330 Turpil
1285 2251 1326 2312 10

138 2429 140 2433 Α
165 2375 287 2432 possem.
332 2349 413 2414 Pall.
436 2350 497 2414 ine.
519 2350 579 2415 inc.
604 2352 641 2414 51
668 2355 799 2415 6111000
825 2355 921 2412 redire
944 2360 1043 2432 posset
1065 2387 1107 2397 —
1129 2355 1171 2414 sic
1193 2355 1326 2414 diceret?

166 2451 278 2516 Afran.
303 2454 365 2516 248
389 2473 456 2535 sqq.
482 2455 545 2516 254
572 2459 651 2534 quod
679 2458 704 2517 si
731 2458 862 2516 fecissem
888 2458 977 2534 paulo
1005 2457 1132 2533 saepius,
1164 2456 1327 2516 Didicisset

166 2560 249 2618 ferre.
294 2557 366 2620 308.
393 2558 455 2620 319
484 2577 529 2638 sq.
559 2560 591 2620 61
618 2566 801 2638 10110111-
826 2559 975 2618 habereut.
1019 2553 1132 2635 Pomp.
1155 2553 1236 2619 Bon.
1262 2557 1325 2620 123

166 2663 232 2739 plus
254 2663 369 2738 quaesti
391 2664 521 2736 facerem,
543 2684 631 2740 quam
652 2663 811 2741 quadrinas
834 2662 860 2720 si
881 2661 1018 2720 haberem
1039 2662 1139 2719 molas.
1183 2655 1324 2721 110153

168 2765 194 2822 si
216 2771 439 2841 percontassem,
462 2765 571 2823 Malum
593 2766 647 2824 hoc
669 2787 714 2824 me
735 2765 932 2843 praeterisset.
978 2755 1047 2842 Syr.
1070 2762 1149 2822 sent.
1172 2760 1236 2823 428
1258 2765 1326 2840 quis

165 2866 303 2924 miserum
326 2868 420 2941 sciret,
443 2867 533 2927 verba
550 2869 609 2926 nisi
630 2870 752 2927 haberet
774 2866 877 2925 dolor?
909 2862 970 2925 115
994 2865 1175 2942 quietissime
1189 2866 1326 2926 viverent

165 2968 305 3042 homines,
328 2969 353 3027 si
376 2970 433 3029 duo
457 2971 547 3030 verba
568 2971 714 3029 tollerent.

141 3090 144 3095 ·
251 3064 281 3130 b.
314 3064 405 3131 Ocni.
437 3067 621 3150 potentialis
649 3088 710 3150 quo
738 3066 899 3148 pertinent
931 3064 1028 3130 etiam
1058 3065 1328 3148 interrogationes

167 3167 370 3233 dubitativae.
413 3168 490 3234 Pac.
515 3171 553 3233 12
576 3190 645 3252 sqq.

939 3258 983 3316 sol
1006 3258 1032 3316 si
1052 3263 1193 3335 perpetuo
1216 3258 1280 3332 1101,

231 3395 510 3473 Flammeo.vapore
532 3401 647 3454 torrens
669 3401 765 3454 terrae
787 3397 895 3453 fretum
917 3394 1061 3453 exusserit

229 3514 317 3573 Nocti
338 3515 371 3572 ni
392 3515 598 3590 interveniant,
621 3516 733 3574 fructus
754 3534 808 3592 per
828 3514 965 3591 pruinam
987 3512 1179 3587 obriguerint.

166 3669 194 3710 v.
220 3648 281 3710 130
303 3649 336 3709 61
357 3650 424 3728 quis
445 3651 500 3710 hac
521 3672 566 3710 me
594 3651 727 3710 oratione
753 3650 868 3724 incilet‚
895 3650 967 3726 quid
988 3645 1200 3727 respondeam?
1242 3648 1328 3711 Aoo·

167 3751 208 3813 48
231 3774 304 3830 quae
327 3774 391 3811 cum
414 3774 575 3831 componas.
606 3771 633 3813 v.
657 3749 719 3812 215
736 3769 781 3829 sq.
804 3753 840 3811 Id
861 3752 940 3829 quod
954 3752 1042 3810 multi
1057 3751 1210 3811 invideant
1224 3752 1326 3811 multi·

167 3877 223 3933 que
251 3857 398 3934 expedant
424 3857 571 3915 inscitiast
592 3856 759 3930 Postulare,
786 3855 845 3914 nisi
872 3856 1002 3913 laborem
1031 3874 1141 3912 summa
1169 3873 1233 3911 curn
1256 3873 1330 3912 cura

167 3959 283 4017 ecferas.
314 3956 374 4019 231
400 3975 446 4036 sq.

209 4096 310 4172 Egone
332 4095 477 4170 Argivum
498 4095 654 4173 imperium
676 4094 820 4168 attingam
843 4099 895 4152 aut
917 4093 1040 4169 Pelopia
1062 4092 1165 4167 dignes
1187 4089 1294 4150 domo?

210 4215 273 4286 Quo
294 4236 340 4273 me
363 4214 532 4273 ostendam?
562 4214 641 4291 quod
662 4213 804 4290 templum
826 4208 950 4271 adeam?
981 4231 1066 4288 quem
1089 4208 1241 4288 alloquar?
