2872 4770
685 266 900 329 ,12-

217 440 288 515 quid
315 459 369 515 ego
397 445 427 498 te
455 440 607 516 appellem.
650 432 896 498 Ρ1111110.1111.
921 436 960 498 12
992 438 1069 509 Quid
1096 471 1139 482 -
1165 458 1285 515 parvam
1311 458 1373 496 rem

217 561 354 616 magnam
368 541 462 600 facis?
484 539 525 600 96
541 540 619 611 Quid
633 541 793 598 tristiorem
808 541 894 600 video
908 546 938 598 te
955 561 1024 600 esse.
1047 537 1087 600 01
1102 540 1252 617 numquid.
1276 533 1373 599 Titia.

217 641 259 702 80
288 644 360 721 quid
382 644 516 702 desubito
548 677 589 685 —
622 642 660 701 ad
681 663 727 700 me
748 642 877 702 venisti?
919 637 1033 703 Afran.
1059 640 1120 701 102
1152 643 1224 718 quid
1246 641 1374 700 clamas?

217 743 279 804 212
302 745 375 822 quid
396 745 468 803 fles?
489 745 561 821 quid
580 745 715 803 lacrimas
735 744 880 820 largitus?
901 738 982 806 Nov.
999 742 1040 804 92
1059 746 1131 821 quid
1145 743 1224 803 stas?
1254 737 1372 803 Laber.

221 846 282 907 148
305 847 383 917 Quid
404 845 562 924 properas?
584 847 688 923 ecquid
709 847 874 923 praecurris
896 846 1097 906 Calidoniam?
1129 837 1199 924 Syr.
1215 845 1292 905 sent.
1309 842 1372 904 419

216 949 287 1026 quid
308 949 366 1006 tibi
387 949 510 1025 pecunia
532 969 604 1026 opus
627 954 677 1006 est.

302 1048 353 1110 23.
386 1042 542 1128 Supinum
568 1045 601 1108 in
627 1071 676 1108 um
705 1046 819 1109 exiens.
862 1043 940 1110 Pac.
965 1047 1024 1110 181
1056 1055 1091 1108 ut
1121 1055 1188 1109 eant
1216 1054 1373 1124 gratatum.

216 1150 278 1212 255
311 1154 460 1211 defensum
490 1153 625 1228 patriam.
669 1146 782 1211 Afran.
808 1149 867 1211 101
900 1154 1085 1211 comissatum
1107 1185 1148 1193 -
1174 1151 1373 1225 Digredimur.

217 1251 280 1313 303
301 1255 383 1312 misit
405 1259 528 1312 oratum.
564 1247 677 1330 Pomp.
700 1247 782 1312 Bon.
808 1251 869 1312 130
890 1253 1005 1311 Decede
1028 1258 1166 1312 cacatum.
1200 1249 1261 1311 160
1283 1253 1374 1310 Venit

215 1376 268 1412 nos
290 1360 433 1429 rogatum.
467 1347 535 1430 Syr.
559 1354 637 1413 sent.
664 1351 724 1412 164
747 1359 896 1430 captatum
917 1355 1007 1412 venit.
1042 1347 1119 1412 Huc
1140 1347 1254 1411 referri
1276 1350 1374 1413 etiam

215 1456 324 1534 potest
345 1450 422 1514 Pac.
447 1452 505 1514 121
530 1474 642 1513 venum.
676 1452 736 1513 122
758 1458 876 1530 raptum
897 1457 986 1513 venit.

302 1555 352 1616 24.
385 1551 597 1616 Accusativus
620 1551 782 1631 qualitatis
809 1551 850 1631 is,
880 1551 935 1616 ubi
957 1550 1083 1615 obiecto
1106 1551 1232 1615 demum
1258 1555 1374 1615 natura

218 1653 352 1719 actionis
376 1653 560 1736 explicatur.
599 1653 676 1717 Pac.
703 1653 735 1715 lb
760 1659 840 1717 Loca
860 1658 980 1715 horrida
1003 1652 1107 1715 initos.
1140 1641 1201 1716 inc.
1216 1653 1276 1716 inc.
1291 1646 1373 1734 tr'ag.

218 1759 279 1820 130
302 1762 398 1819 cubile
419 1762 503 1818 inire.
546 1755 626 1818 Ace.
651 1757 712 1819 591
746 1760 817 1818 Obit
847 1794 888 1803 —
914 1765 1012 1819 vestra
1038 1761 1162 1819 moenia.
1206 1755 1286 1818 Aac.
1309 1756 1373 1818 232

216 1864 295 1939 quod
309 1864 451 1940 templum
466 1862 588 1920 adeam?
619 1857 694 1921 Pac.
710 1860 751 1921 36
780 1862 852 1919 Cum
873 1859 1013 1920 recordor
1036 1863 1098 1919 eius
1121 1863 1246 1920 ferocem
1269 1867 1298 1919 et
1312 1867 1373 1920 tor·

217 1986 284 2024 vam
308 1965 519 2023 confidentiam.
550 1959 631 2023 Aoo.
647 1961 709 2023 346
737 1964 803 2021 Heu
825 1983 872 2021 me
885 1965 1032 2036 miserum,
1055 1984 1119 2021 cum
1133 1964 1204 2022 haec
1218 1961 1371 2032 recordor,

215 2087 280 2125 cum
301 2067 370 2124 illos
392 2061 568 2125 reminiscor
590 2067 663 2123 dies!
708 2059 829 2142 Turpil.
856 2064 915 2125 156
940 2061 1117 2124 Meminisse
1138 2066 1219 2123 illius
1241 2066 1374 2125 formam.

216 2163 329 2228 Afran.
355 2165 416 2227 194
439 2168 519 2226 Illud
540 2168 694 2226 memento
740 2162 821 2226 Aeo.
847 2164 885 2225 12
913 2168 978 2237 Mea
1000 2169 1078 2226 facta
1099 2201 1141 2210 —
1164 2163 1263 2225 obliti.
1312 2165 1373 2228 190

215 2276 377 2329 memet-
396 2265 546 2328 obliarier.
588 2267 651 2328 488
673 2269 722 2327 An
742 2288 795 2343 ego
817 2265 934 2327 illicem
949 2264 1111 2327 obliviscar
1131 2290 1276 2345 umquam.
1308 2268 1371 2330 665

214 2373 262 2430 An
284 2373 355 2452 haec
377 2371 436 2429 iam
459 2366 547 2429 obliti
569 2373 641 2429 auat
662 2371 813 2448 Phryges?
844 2363 913 2450 Syr.
929 2370 1008 2430 sent.
1027 2368 1090 2430 252
1112 2372 1206 2445 legem
1229 2404 1270 2413 —
1294 2368 1370 2430 obli-

215 2469 291 2532 uisci
312 2499 343 2523 =
365 2472 437 2533 623.
477 2467 554 2533 Pac·
570 2471 612 2531 44
631 2489 678 2550 sq.
705 2493 751 2531 me
773 2479 909 2533 conatum
929 2475 984 2532 hoc
1006 2506 1048 2516 -—
1069 2475 1166 2533 itiner.
1207 2471 1247 2533 48
1274 2475 1371 2551 ipsum
1413 2516 1416 2521 -

213 2577 391 2653 praegradat
404 2576 665 2652 Parthenopaeum.
693 2573 735 2635 50
749 2577 828 2635 viam
843 2597 930 2653 quam
944 2577 1085 2634 insistam.
1112 2570 1192 2634 Ace.
1210 2573 1271 2635 100
1285 2577 1371 2635 Luna

214 2679 317 2737 circlos
333 2711 375 2720 -
390 2679 508 2737 institit.
541 2675 603 2738 506
626 2679 791 2738 institeram
812 2699 984 2754 grummum.
1014 2672 1092 2737 Pac.
1108 2674 1148 2737 51
1171 2698 1294 2753 regnum
1311 2695 1369 2754 po·

215 2776 304 2838 titur.
338 2777 401 2839 280
420 2800 543 2854 regnum
559 2776 675 2857 potior.
716 2776 796 2840 Acc.
812 2779 854 2840 40
870 2777 1036 2857 potiuntur
1050 2762 1161 2857 plagas.
1194 2777 1256 2839 590
1275 2780 1370 2839 Natus

213 2883 259 2940 uti
281 2887 345 2940 tute
368 2886 514 2958 sceptrum
541 2884 698 2958 poteretur
720 2884 822 2959 patris.
866 2877 933 2942 Inc.
955 2877 1016 2940 inc.
1039 2882 1119 2959 trag.
1143 2879 1181 2941 51
1205 2878 1305 2957 potiri
1326 2916 1369 2926 -

213 2984 397 3058 Pergamum.
437 2977 513 3043 Pac.
540 2981 600 3043 129
627 2984 731 3042 Nonne
753 2985 879 3043 officium
896 2981 1021 3064 sangar
1043 2983 1146 3058 vulgi?
1182 2977 1304 3060 Turpil.
1328 2983 1369 3044 68

213 3086 280 3145 volo
302 3093 336 3144 ut
357 3087 471 3145 familia
493 3091 593 3144 nostra
616 3086 712 3144 officia
723 3082 884 3166 fungatur
905 3107 966 3145 sua.
1007 3080 1162 3145 ’.1111148
1188 3087 1315 3144 hominis
1339 3103 1369 3144 ea

213 3189 315 3263 ignavi
331 3184 469 3268 functus
491 3189 626 3246 officium.
667 3186 727 3247 391
756 3193 856 3247 nostra
871 3184 973 3267 funpi
994 3209 1121 3247 munera.
1162 3182 1283 3265 Turpil.
1307 3185 1368 3247 164

213 3291 321 3349 amicos
344 3292 413 3349 ator
434 3291 573 3368 primoris
592 3291 679 3350 viros.
712 3283 864 3350 11111198
887 3286 991 3348 11·-
1006 3290 1179 3348 libertatem.
1210 3285 1368 3368 Pompon.

212 3387 294 3453 Bon.
313 3390 373 3452 169
395 3394 554 3470 Lapatium
568 3392 681 3450 nullum
696 3388 849 3450 aiebatur.
878 3386 960 3451 Nou.
976 3388 1016 3450 69
1033 3412 1104 3468 quas
1119 3388 1166 3450 au
1181 3394 1263 3451 solet.
1285 3386 1367 3452 Nov.

214 3493 255 3553 98
276 3495 451 3553 facilitatem
473 3529 515 3538 -
537 3490 634 3553 uteris
654 3494 827 3569 vulgariam.
871 3488 951 3553 Ace.
974 3490 1037 3553 218
1068 3494 1219 3553 accumbat
1240 3514 1369 3553 mensam

214 3601 265 3655 aut
281 3596 401 3654 eandem
417 3598 554 3654 vescatur
568 3597 680 3673 dapem.
694 3581 697 3586 ’
710 3589 793 3656 Nov.
810 3593 850 3655 52
871 3596 1085 3655 Vestimentum
1106 3592 1246 3655 verreria.
1281 3594 1319 3654 11
1336 3596 1369 3654 id

213 3698 344 3756 fnmisci.
375 3692 452 3758 Pac.
473 3695 514 3758 95
541 3698 651 3774 incipio
674 3719 775 3756 saxum
794 3703 941 3775 temptans
963 3699 1099 3757 scandere
1114 3699 1272 3757 Vorticem.
1306 3696 1367 3757 113

212 3801 402 3875 hymenaeum
417 3801 551 3858 fremunt.
588 3796 651 3858 244
672 3799 750 3858 Cedo
764 3804 846 3858 tuum
861 3801 964 3876 pedem
978 3802 1026 3858 mi.
1061 3796 1140 3859 Ace.
1156 3797 1219 3860 425
1239 3800 1368 3859 Oeneum

213 3902 321 3978 aliquis
343 3907 418 3961 cette
440 3903 678 3979 inconspectum.
708 3895 786 3962 Pac.
801 3900 864 3962 268
887 3903 1031 3979 Conqueri
1046 3903 1193 3960 fortunam
1208 3902 1367 3961 adversam.

216 4001 277 4062 321
302 4003 479 4063 Salaminam
501 4005 625 4078 ingredi.
657 4002 719 4064 318
743 4004 900 4080 adgrediar
920 4037 962 4047 —
984 4024 1053 4062 rem.
1082 3998 1162 4063 Acc.
1180 4001 1239 4063 109
1263 4006 1366 4079 adgre-

213 4106 295 4164 ditur
316 4126 369 4164 me.
401 4101 477 4166 Pac.
501 4104 562 4166 355
585 4107 705 4166 Miseret
725 4127 778 4165 me.
817 4101 886 4165 Inc.
900 4102 960 4165 inc.
976 4106 1056 4183 trag.
1079 4103 1142 4165 245
1169 4107 1250 4163 nilne
1272 4113 1302 4164 te
1324 4141 1366 4149 —

213 4208 443 4268 commiserescit.
482 4202 681 4288 Tmpil.104
710 4229 780 4266 num
801 4209 884 4267 illam
905 4208 991 4266 illaec
1012 4207 1143 4285 pudent?
1172 4201 1285 4267 Afran.
1303 4205 1365 4267 212
